@inproceedings{Zhao:2016:PIA:3018009.3018038,
    title = {{3D Positioning Information on Augmented Identification for Indoor Localization}},
    year = {2016},
    booktitle = {Proceedings of the 2Nd International Conference on Communication and Information Processing},
    author = {Zhao, Tingyu and Own, Chung-Ming and Xu, Chao},
    pages = {216--221},
    series = {ICCIP '16},
    publisher = {ACM},
    address = {New York, NY, USA},
    isbn = {978-1-4503-4819-5},
    doi = {10.1145/3018009.3018038},
    keywords = {3D positioning, augmented reality, object detection}
}

@inproceedings{LeeG2013,
    title = {{A component based framework for mobile outdoor AR applications}},
    year = {2013},
    booktitle = {Proceedings of the 12th ACM SIGGRAPH International Conference on Virtual-Reality Continuum and Its Applications in Industry - VRCAI '13},
    author = {Lee, Gun A and Billinghurst, Mark},
    pages = {207--210},
    series = {VRCAI '13},
    publisher = {ACM Press},
    address = {New York, New York, USA},
    isbn = {9781450325905},
    doi = {10.1145/2534329.2534344},
    keywords = {development framework, mobile outdoor augmented reality, software library}
}

@article{Jeong2013313,
    title = {{A content oriented smart education system based on cloud computing}},
    year = {2013},
    journal = {International Journal of Multimedia and Ubiquitous Engineering},
    author = {Jeong, J S and Kim, M and Yoo, K H},
    number = {6},
    pages = {313--328},
    volume = {8},
    url = {https://www.scopus.com/inward/record.uri?eid=2-s2.0-84889671917&doi=10.14257%2Fijmue.2013.8.6.31&partnerID=40&md5=6a06d55d2321d4a771633d80f51598a5},
    doi = {10.14257/ijmue.2013.8.6.31}
}

@article{Zhu2015213,
    title = {{A context-aware augmented reality assisted maintenance system}},
    year = {2015},
    journal = {International Journal of Computer Integrated Manufacturing},
    author = {Zhu, J and Ong, S K and Nee, A Y C},
    number = {2},
    pages = {213--225},
    volume = {28},
    url = {https://www.scopus.com/inward/record.uri?eid=2-s2.0-84909638833&doi=10.1080%2F0951192X.2013.874589&partnerID=40&md5=46dc597f9b856412dd874385a1a45a14},
    doi = {10.1080/0951192X.2013.874589}
}

@article{Zhu2014,
    title = {{A context-aware augmented reality system to assist the maintenance operators}},
    year = {2014},
    journal = {International Journal on Interactive Design and Manufacturing (IJIDeM)},
    author = {Zhu, J and Ong, S K and Nee, A Y C},
    number = {4},
    month = {11},
    pages = {293--304},
    volume = {8},
    isbn = {1955-2513},
    doi = {10.1007/s12008-013-0199-7},
    issn = {1955-2505},
    keywords = {Augmented reality, Authoring, Context-awareness, Maintenance and repair}
}

@inproceedings{Kobayashi201434,
    title = {{A discussion on web-based learning contents with the ar technology and its authoring tools to improve students' skills in exercise courses}},
    year = {2014},
    booktitle = {Work-In-Progress Poster - Proceedings of the 22nd International Conference on Computers in Education, ICCE 2014},
    author = {Kobayashi, T and Sasaki, H and Toguchi, A and Mizuno, K},
    pages = {34--36},
    url = {https://www.scopus.com/inward/record.uri?eid=2-s2.0-84923876783&partnerID=40&md5=38321e7738ec22d647e8a4726b8d427a}
}

@article{Barrena2016291,
    title = {{A flexible and easy-to-use platform to create advanced edutainment applications}},
    year = {2016},
    journal = {Lecture Notes in Computer Science (including subseries Lecture Notes in Artificial Intelligence and Lecture Notes in Bioinformatics)},
    author = {Barrena, Nagore and Navarro, A and Oyarzun, D},
    pages = {291--300},
    volume = {9654},
    url = {https://www.scopus.com/inward/record.uri?eid=2-s2.0-84976635802&doi=10.1007%2F978-3-319-40259-8_26&partnerID=40&md5=81df3a4a966ac930de05d4e221de136e},
    doi = {10.1007/978-3-319-40259-8{\_}26}
}

@article{Fernandez-Panadero2015407,
    title = {{A framework to design educational mobile-based games across multiple spaces}},
    year = {2015},
    journal = {Lecture Notes in Computer Science (including subseries Lecture Notes in Artificial Intelligence and Lecture Notes in Bioinformatics)},
    author = {Fern{\'{a}}ndez-Panadero, C and P{\'{e}}rez-Sanagust{\'{i}}n, M and Pardo, A and Garc{\'{i}}a, R M C and Kloos, Carlos Delgado},
    pages = {407--413},
    volume = {9307},
    url = {https://www.scopus.com/inward/record.uri?eid=2-s2.0-84944685944&doi=10.1007%2F978-3-319-24258-3_32&partnerID=40&md5=0037785ea78de4f8ad88c9e9fea99b94},
    doi = {10.1007/978-3-319-24258-3{\_}32}
}

@inproceedings{Cubillo2015,
    title = {{A learning environment for augmented reality mobile learning}},
    year = {2014},
    booktitle = {2014 IEEE Frontiers in Education Conference (FIE) Proceedings},
    author = {Cubillo, J and Mart{\'{i}}n, S and Castro, M and D{\'{i}}az, G and Colmenar, A and Boti{\v{c}}ki, I},
    month = {10},
    pages = {1--8},
    url = {https://www.scopus.com/inward/record.uri?eid=2-s2.0-84938099314&doi=10.1109%2FFIE.2014.7044039&partnerID=40&md5=956bedc4570e8d2fefd157f6686c5ab6},
    doi = {10.1109/FIE.2014.7044039},
    issn = {0190-5848},
    keywords = {augmented reality, mobile learning, multimedia compu}
}

@inproceedings{Bhattacharya2015,
    title = {{A method for real-time generation of augmented reality work instructions via expert movements}},
    year = {2015},
    booktitle = {Proceedings of SPIE - The International Society for Optical Engineering},
    author = {Bhattacharya, B and Winer, E},
    volume = {9392},
    url = {https://www.scopus.com/inward/record.uri?eid=2-s2.0-84928473659&doi=10.1117%2F12.2081214&partnerID=40&md5=4ffdc201425e8b4cc83a0206088b9b7d},
    doi = {10.1117/12.2081214}
}

@article{BarrazaCastillo2015713,
    title = {{A Mobile Augmented Reality Framework Based on Reusable Components}},
    year = {2015},
    journal = {IEEE Latin America Transactions},
    author = {Barraza Castillo, R I and Vergara Villegas, O O and Cruz Sanchez, V G},
    number = {3},
    month = {3},
    pages = {713--720},
    volume = {13},
    url = {https://www.scopus.com/inward/record.uri?eid=2-s2.0-84927516596&doi=10.1109%2FTLA.2015.7069096&partnerID=40&md5=fc3962972c210dc155d2fc57eef7cc14},
    doi = {10.1109/TLA.2015.7069096},
    issn = {1548-0992},
    keywords = {augmented reality, computer vision, mobile computing}
}

@inproceedings{Vera:2016:MIA:2967175.2967385,
    title = {{A Model for In-situ Augmented Reality Content Creation Based on Storytelling and Gamification}},
    year = {2016},
    booktitle = {Proceedings of the 6th Mexican Conference on Human-Computer Interaction},
    author = {Vera, Fernando and S{\'{a}}nchez, J Alfredo},
    pages = {39--42},
    series = {MexIHC'16},
    publisher = {ACM},
    url = {http://doi.acm.org/10.1145/2967175.2967385},
    address = {New York, NY, USA},
    isbn = {978-1-4503-4782-2},
    doi = {10.1145/2967175.2967385},
    keywords = {Augmented reality, authoring tool, storytelling, user generated content}
}

@article{Gimeno20131263,
    title = {{A new AR authoring tool using depth maps for industrial procedures}},
    year = {2013},
    journal = {Computers in Industry},
    author = {Gimeno, Jes√∫s and Morillo, Pedro and Ordu{\~{n}}a, Juan Manuel and Fern{\'{a}}ndez, Marcos},
    number = {9},
    pages = {1263--1271},
    volume = {64},
    url = {https://www.sciencedirect.com/science/article/pii/S0166361513001267},
    doi = {10.1016/j.compind.2013.06.012},
    issn = {0166-3615},
    keywords = {Augmented reality, Authoring tools, Kinect, Non-immersive desktop, Occlusion}
}

@incollection{Vera2017,
    title = {{A platform for creating augmented reality content by end users}},
    year = {2017},
    booktitle = {Lecture Notes of the Institute for Computer Sciences, Social-Informatics and Telecommunications Engineering, LNICST},
    author = {Vera, Fernando and S{\'{a}}nchez, J Alfredo and Cervantes, Ofelia},
    editor = {Sucar, Enrique and Mayora, Oscar and de Cote, Enrique},
    pages = {167--171},
    volume = {179 LNICST},
    publisher = {Springer International Publishing},
    address = {Cham},
    isbn = {9783319496214},
    doi = {10.1007/978-3-319-49622-1{\_}18},
    issn = {18678211},
    keywords = {Augmented reality, Authoring tools, User-generated content}
}

@incollection{Arenas2015,
    title = {{A Platform for Supporting the Development of Mixed Reality Environments for Educational Games}},
    year = {2015},
    booktitle = {Learning and Collaboration Technologies: Second International Conference, LCT 2015, Held as Part of HCI International 2015, Los Angeles, CA, USA, August 2-7, 2015, Proceedings},
    author = {Arenas, Luis and Zarraonandia, Telmo and D{\'{i}}az, Paloma and Aedo, Ignacio},
    editor = {Zaphiris, Panayiotis and Ioannou, Andri},
    pages = {537--548},
    publisher = {Springer International Publishing},
    address = {Cham},
    isbn = {978-3-319-20609-7},
    doi = {10.1007/978-3-319-20609-7{\_}51}
}

@article{Yu2016132,
    title = {{A unified framework for remote collaboration using interactive ar authoring and hands tracking}},
    year = {2016},
    journal = {Lecture Notes in Computer Science (including subseries Lecture Notes in Artificial Intelligence and Lecture Notes in Bioinformatics)},
    author = {Yu, Jeongmin and Jeon, Jin-u and Park, Gabyong and Kim, Hyung Il and Woo, Woontack},
    pages = {132--141},
    volume = {9749},
    url = {https://www.scopus.com/inward/record.uri?eid=2-s2.0-84978924140&doi=10.1007%2F978-3-319-39862-4_13&partnerID=40&md5=0f3b38b1bcdbaa72e87fe69c7843bfe6},
    doi = {10.1007/978-3-319-39862-4{\_}13}
}

@inproceedings{Barbadillo2013,
    title = {{A Web3D Authoring Tool for Augmented Reality Mobile Applications}},
    year = {2013},
    booktitle = {Proceedings of the 18th International Conference on 3D Web Technology},
    author = {Barbadillo, Javier and S{\'{a}}nchez, Jairo R},
    pages = {206},
    series = {Web3D '13},
    publisher = {ACM},
    address = {New York, NY, USA},
    isbn = {978-1-4503-2133-4},
    doi = {10.1145/2466533.2466564},
    keywords = {augmented reality, authoring, texture tracking, web3d}
}

@article{Tursi2014,
    title = {{AIRCacher: Virtual Geocaching Powered with Augmented Reality}},
    year = {2014},
    journal = {25th ACM Conference on Hypertext and Social Media, HT 2014},
    author = {Tursi, Gianluca and Deplano, Martina and Ruffo, Giancarlo},
    pages = {330--332},
    url = {http://doi.acm.org/10.1145/2631775.2631778%5Cnfiles/13611/Tursi et al. - 2014 - AIRCacher Virtual Geocaching Powered with Augment.pdf},
    isbn = {978-1-4503-2954-5},
    doi = {10.1145/2631775.2631778},
    keywords = {Data-sources, Design approaches, Digital networks, Game With A Purpose, Geolocations, Hypertext systems, Social sensors, augmented reality, gamification, geocaching, geolocation, social sensor}
}

@inproceedings{Park2017484,
    title = {{All-in-One Mobile Outdoor Augmented Reality Framework for Cultural Heritage Sites}},
    year = {2016},
    booktitle = {2016 12th International Conference on Signal-Image Technology Internet-Based Systems (SITIS)},
    author = {Park, N Y and Kim, E and Lee, J and Woo, Woontack},
    month = {11},
    pages = {484--489},
    url = {https://www.scopus.com/inward/record.uri?eid=2-s2.0-85019227873&doi=10.1109%2FSITIS.2016.81&partnerID=40&md5=6e9c7427e7418350b3c60ca383bfd058},
    doi = {10.1109/SITIS.2016.81},
    keywords = {augmented reality, cameras, computer vision, history}
}

@article{Jee2014,
    title = {{An augmented reality-based authoring tool for E-learning applications}},
    year = {2014},
    journal = {Multimedia Tools and Applications},
    author = {Jee, Hyung Keun and Lim, Sukhyun and Youn, Jinyoung and Lee, Junsuk},
    number = {2},
    pages = {225--235},
    volume = {68},
    doi = {10.1007/s11042-011-0880-4},
    issn = {13807501},
    keywords = {Augmented reality, Authoring tool, E-learning application, Multimedia tool}
}

@article{Zhu2013,
    title = {{An authorable context-aware augmented reality system to assist the maintenance technicians}},
    year = {2013},
    journal = {The International Journal of Advanced Manufacturing Technology},
    author = {Zhu, J and Ong, S K and Nee, A Y C},
    number = {9},
    month = {6},
    pages = {1699--1714},
    volume = {66},
    doi = {10.1007/s00170-012-4451-2},
    issn = {1433-3015}
}

@inproceedings{Noleto2015,
    title = {{An Authoring Tool for Location-Based Mobile Games with Augmented Reality Features}},
    year = {2015},
    booktitle = {2015 14th Brazilian Symposium on Computer Games and Digital Entertainment (SBGames)},
    author = {Nol{\^{e}}to, Carleandro and Lima, Messias and Maia, Lu√≠s Fernando and Viana, Windson and Trinta, Fernando},
    month = {11},
    pages = {99--108},
    url = {https://www.scopus.com/inward/record.uri?eid=2-s2.0-85010369347&doi=10.1109%2FSBGames.2015.12&partnerID=40&md5=53cf53d178a822a0a11257e7d997a5d1},
    doi = {10.1109/SBGames.2015.12},
    keywords = {augmented reality, authoring tools, location-based games, pervasive games}
}

@incollection{Gimeno2013,
    title = {{An Easy-to-Use AR Authoring Tool for Industrial Applications}},
    year = {2013},
    booktitle = {Communications in Computer and Information Science},
    author = {Gimeno, Jes√∫s and Morillo, Pedro and Ordu{\~{n}}a, Juan Manuel and Fern{\'{a}}ndez, Marcos},
    editor = {Csurka, Gabriela and Kraus, Martin and Laramee, Robert S and Richard, Paul and Braz, Jos√©},
    pages = {17--32},
    volume = {359 CCIS},
    publisher = {Springer Berlin Heidelberg},
    address = {Berlin, Heidelberg},
    isbn = {9783642382406},
    doi = {10.1007/978-3-642-38241-3{\_}2},
    issn = {18650929},
    keywords = {Augmented Reality, Authoring Tools, Non-immersive Desktop}
}

@article{Lim20131048,
    title = {{An immersive augmented-Reality-Based e-Learning system based on dynamic threshold marker method}},
    year = {2013},
    journal = {ETRI Journal},
    author = {Lim, Sukhyun and Lee, Junsuk},
    number = {6},
    pages = {1048--1057},
    volume = {35},
    url = {https://www.scopus.com/inward/record.uri?eid=2-s2.0-84891677360&doi=10.4218%2Fetrij.13.2013.0081&partnerID=40&md5=a8b7a3ef6abe2860db61b53cd1b76443},
    doi = {10.4218/etrij.13.2013.0081}
}

@article{Eleftheria2013,
    title = {{An innovative augmented reality educational platform using Gamification to enhance lifelong learning and cultural education}},
    year = {2013},
    journal = {IISA 2013 - 4th International Conference on Information, Intelligence, Systems and Applications},
    author = {Eleftheria, Chantzi Athanasia and Charikleia, Plessa and Iason, Chatziparadeisis Gkanas and Athanasios, Tsakalidis and Dimitrios, Tsolis},
    pages = {258--263},
    isbn = {9781479907717},
    doi = {10.1109/IISA.2013.6623724},
    keywords = {AR book, Augmented reality, Culture, E-learning, Education, Engagement, Gamification}
}

@inproceedings{Hettiarachchi:2016:ARE:2858036.2858134,
    title = {{Annexing Reality: Enabling Opportunistic Use of Everyday Objects As Tangible Proxies in Augmented Reality}},
    year = {2016},
    booktitle = {Proceedings of the 2016 CHI Conference on Human Factors in Computing Systems},
    author = {Hettiarachchi, Anuruddha and Wigdor, Daniel},
    pages = {1957--1967},
    series = {CHI '16},
    publisher = {ACM},
    url = {http://doi.acm.org/10.1145/2858036.2858134},
    address = {New York, NY, USA},
    isbn = {978-1-4503-3362-7},
    doi = {10.1145/2858036.2858134},
    keywords = {augmented reality, augmented reality content authoring, opportunistic tangible interfaces}
}

@article{Kim2016278,
    title = {{AR reference model for K-culture time machine}},
    year = {2016},
    journal = {Lecture Notes in Computer Science (including subseries Lecture Notes in Artificial Intelligence and Lecture Notes in Bioinformatics)},
    author = {Kim, E and Jo, J and Kim, K and Kim, S and Hong, S and Kim, J I and Park, N Y and Park, Hyerim and Matuszka, T and Kim, J and Woo, Woontack},
    pages = {278--289},
    volume = {9735},
    url = {https://www.scopus.com/inward/record.uri?eid=2-s2.0-84978915488&doi=10.1007%2F978-3-319-40397-7_27&partnerID=40&md5=87bb1607827424a1c6624abfe906da17},
    doi = {10.1007/978-3-319-40397-7{\_}27}
}

@article{Boonbrahm2014329,
    title = {{Assembly of the virtual model with real hands using augmented reality technology}},
    year = {2014},
    journal = {Lecture Notes in Computer Science (including subseries Lecture Notes in Artificial Intelligence and Lecture Notes in Bioinformatics)},
    author = {Boonbrahm, P and Kaewrat, C},
    number = {PART 1},
    pages = {329--338},
    volume = {8525 LNCS},
    url = {https://www.scopus.com/inward/record.uri?eid=2-s2.0-84903602902&doi=10.1007%2F978-3-319-07458-0_31&partnerID=40&md5=166f883997f77c5ada1a2d7d8fc35e04},
    doi = {10.1007/978-3-319-07458-0{\_}31}
}

@article{SuarezWarden2015281,
    title = {{Assembly Operations Aided by Augmented Reality: An Endeavour toward a Comparative Analysis}},
    year = {2015},
    journal = {Procedia Computer Science},
    author = {Su{\'{a}}rez-Warden, Fernando and Mendivil, Eduardo Gonzalez and Rodr{\'{i}}guez, Ciro A and Garcia-Lumbreras, Salvador},
    pages = {281--290},
    volume = {75},
    url = {https://www.sciencedirect.com/science/article/pii/S1877050915037102},
    doi = {10.1016/j.procs.2015.12.249},
    issn = {1877-0509},
    keywords = {aeronautical assembly, augmented reality (AR), complex assembly, experimental conditions, maintenance, small sample.}
}

@inproceedings{KimH2015,
    title = {{Augmented Miniature Prototyping Toolkit for UX in Interactive Space}},
    year = {2015},
    booktitle = {Proceedings of the 33rd Annual ACM Conference Extended Abstracts on Human Factors in Computing Systems},
    author = {Kim, Han-Jong and Nam, Tek-Jin},
    pages = {2229--2234},
    series = {CHI EA '15},
    publisher = {ACM},
    address = {New York, NY, USA},
    isbn = {978-1-4503-3146-3},
    doi = {10.1145/2702613.2732744},
    keywords = {augmented miniature, interactive space, prototyping tool, spatial user experience}
}

@article{JooNagata20171,
    title = {{Augmented reality and pedestrian navigation through its implementation in m-learning and e-learning: Evaluation of an educational program in Chile}},
    year = {2017},
    journal = {Computers {\&} Education},
    author = {Joo-Nagata, Jorge and Abad, Fernando Martinez and Giner, Jos√© Garc√≠a-Bermejo and Garc{\'{i}}a-Pe{\~{n}}alvo, Francisco J},
    pages = {1--17},
    volume = {111},
    url = {https://www.sciencedirect.com/science/article/pii/S0360131517300751},
    doi = {https://doi.org/10.1016/j.compedu.2017.04.003},
    issn = {0360-1315},
    keywords = {Authoring tools and methods, Evaluation methodologies, Media in education, Navigation}
}

@article{Chen2015,
    title = {{Augmented reality laboratory for high school electrochemistry course}},
    year = {2015},
    journal = {Proceedings - IEEE 15th International Conference on Advanced Learning Technologies: Advanced Technologies for Supporting Open Access to Formal and Informal Learning, ICALT 2015},
    author = {Chen, Ming Puu and Liao, Ban Chieh},
    pages = {132--136},
    isbn = {9781467373333},
    doi = {10.1109/ICALT.2015.105},
    issn = {9781467373333},
    keywords = {Augmented reality, Experiential learning, Gamification, Learning strategies}
}

@article{Santos2014,
    title = {{Augmented Reality Learning Experiences: Survey of Prototype Design and Evaluation}},
    year = {2014},
    journal = {IEEE Transactions on Learning Technologies},
    author = {Santos, Marc Ericson C and Chen, Angie and Taketomi, Takafumi and Yamamoto, Goshiro and Miyazaki, Jun and Kato, Hirokazu},
    number = {1},
    pages = {38--56},
    volume = {7},
    isbn = {1939-1382},
    doi = {10.1109/TLT.2013.37},
    issn = {1939-1382},
    keywords = {augmented reality learning experience, evaluation method, learning theory, meta-analysis, prototyping}
}

@inproceedings{Havard2015,
    title = {{Augmented reality maintenance demonstrator and associated modelling}},
    year = {2015},
    booktitle = {2015 IEEE Virtual Reality (VR)},
    author = {Havard, V and Baudry, D and Louis, A and Mazari, B},
    month = {3},
    pages = {329--330},
    doi = {10.1109/VR.2015.7223429},
    issn = {1087-8270},
    keywords = {augmented reality, authoring systems, software maint}
}

@inproceedings{Wijnants:2014:AVV:2557642.2579368,
    title = {{Augmented Video Viewing: Transforming Video Consumption into an Active Experience}},
    year = {2014},
    booktitle = {Proceedings of the 5th ACM Multimedia Systems Conference},
    author = {Wijnants, Maarten and Le{\"{e}}n, Jeroen and Quax, Peter and Lamotte, Wim},
    pages = {164--167},
    series = {MMSys '14},
    publisher = {ACM},
    url = {http://doi.acm.org/10.1145/2557642.2579368},
    address = {New York, NY, USA},
    isbn = {978-1-4503-2705-3},
    doi = {10.1145/2557642.2579368},
    keywords = {augmented video, augmented video viewing, gaming, hypervideo, interactive video, web standards, web technology}
}

@article{Aydin2014,
    title = {{Augmenting Kashgar}},
    year = {2014},
    journal = {Proceedings of the 2014 International Conference on Virtual Systems and Multimedia, VSMM 2014},
    author = {Aydin, Serdar and Schnabel, Marc Aurel},
    number = {December},
    pages = {12--15},
    isbn = {9781479972272},
    doi = {10.1109/VSMM.2014.7136661},
    keywords = {Kashgar, digital herritage, full-dome projection, gamification, shape grammars}
}

@inproceedings{Lucrecia2013,
    title = {{AuthorAR: Authoring tool for building educational activities based on Augmented Reality}},
    year = {2013},
    booktitle = {2013 International Conference on Collaboration Technologies and Systems (CTS)},
    author = {Lucrecia, M and Cecilia, S and Patricia, P and Sandra, B},
    month = {5},
    pages = {503--507},
    doi = {10.1109/CTS.2013.6567277},
    keywords = {augmented reality, authoring systems, educational co}
}

@inproceedings{6630356,
    title = {{Authoring Animations of Virtual Objects in Augmented Reality-Based 3D Space}},
    year = {2013},
    booktitle = {2013 Second IIAI International Conference on Advanced Applied Informatics},
    author = {Eitsuka, M and Hirakawa, M},
    pages = {256--261},
    doi = {10.1109/IIAI-AAI.2013.44},
    keywords = {augmented reality, authoring systems, computer anima}
}

@inproceedings{Santos2014554,
    title = {{Authoring augmented reality as situated multimedia}},
    year = {2014},
    booktitle = {Proceedings of the 22nd International Conference on Computers in Education, ICCE 2014},
    author = {Santos, Marc Ericson C and Ty, J F and Luebke, A I W and Rodrigo, M M T and Taketomi, Takafumi and Yamamoto, Goshiro and Sandor, C and Kato, Hirokazu},
    pages = {554--556},
    url = {https://www.scopus.com/inward/record.uri?eid=2-s2.0-84923879033&partnerID=40&md5=50e7dcead435822cb766c590bfaef1cd}
}

@inproceedings{6602007,
    title = {{Authoring Augmented Reality Learning Experiences as Learning Objects}},
    year = {2013},
    booktitle = {2013 IEEE 13th International Conference on Advanced Learning Technologies},
    author = {Santos, Marc Ericson C and Yamamoto, Goshiro and Taketomi, Takafumi and Miyazaki, Jun and Kato, Hirokazu},
    month = {7},
    pages = {506--507},
    doi = {10.1109/ICALT.2013.165},
    issn = {2161-3761},
    keywords = {ARLE, augmented reality, computer aided instruction}
}

@article{Kampa2017372,
    title = {{Authoring Concepts and Tools for Interactive Digital Storytelling in the Field of Mobile Augmented Reality}},
    year = {2017},
    journal = {Lecture Notes in Computer Science (including subseries Lecture Notes in Artificial Intelligence and Lecture Notes in Bioinformatics)},
    author = {Kampa, A},
    pages = {372--375},
    volume = {10690 LNCS},
    url = {https://www.scopus.com/inward/record.uri?eid=2-s2.0-85035119849&doi=10.1007%2F978-3-319-71027-3_46&partnerID=40&md5=ab84e6cee4d5ad3a2261f78030fc612b},
    doi = {10.1007/978-3-319-71027-3{\_}46}
}

@article{Mesing2014426,
    title = {{Authoring of automatic data preparation and scene enrichment for maritime virtual reality applications}},
    year = {2014},
    journal = {Lecture Notes in Computer Science (including subseries Lecture Notes in Artificial Intelligence and Lecture Notes in Bioinformatics)},
    author = {Mesing, B and Von Lukas, U},
    number = {PART 2},
    pages = {426--434},
    volume = {8526 LNCS},
    url = {https://www.scopus.com/inward/record.uri?eid=2-s2.0-84903640962&doi=10.1007%2F978-3-319-07464-1_39&partnerID=40&md5=d4b31404da7aef85e3b22336e4819bc5},
    doi = {10.1007/978-3-319-07464-1{\_}39}
}

@article{Roberto2016,
    title = {{Authoring tools for augmented reality: An analysis and classification of content design tools}},
    year = {2016},
    journal = {Lecture Notes in Computer Science (including subseries Lecture Notes in Artificial Intelligence and Lecture Notes in Bioinformatics)},
    author = {Roberto, Rafael Alves and Lima, Jo√£o Paulo and Mota, Roberta Cabral and Teichrieb, Veronica},
    editor = {Marcus, Aaron},
    pages = {237--248},
    volume = {9748},
    publisher = {Springer International Publishing},
    address = {Cham},
    isbn = {978-3-319-40406-6},
    doi = {10.1007/978-3-319-40406-6{\_}22},
    issn = {16113349},
    keywords = {augmented reality, authoring tools, content design tools}
}

@inproceedings{Leelasawassuk:2017:ACD:3041164.3041185,
    title = {{Automated Capture and Delivery of Assistive Task Guidance with an Eyewear Computer: The GlaciAR System}},
    year = {2017},
    booktitle = {Proceedings of the 8th Augmented Human International Conference},
    author = {Leelasawassuk, Teesid and Damen, Dima and Mayol-Cuevas, Walterio},
    pages = {16:1----16:9},
    series = {AH '17},
    publisher = {ACM},
    url = {http://doi.acm.org/10.1145/3041164.3041185},
    address = {New York, NY, USA},
    isbn = {978-1-4503-4835-5},
    doi = {10.1145/3041164.3041185},
    keywords = {assistive computing, augmented reality, eyewear computing, task guidance}
}

@inproceedings{Borck:2017:ACG:3067695.3075603,
    title = {{Automated Case Generation Using a Genetic Algorithm}},
    year = {2017},
    booktitle = {Proceedings of the Genetic and Evolutionary Computation Conference Companion},
    author = {Borck, Hayley and Boddy, Mark},
    pages = {187--188},
    series = {GECCO '17},
    publisher = {ACM},
    url = {http://doi.acm.org/10.1145/3067695.3075603},
    address = {New York, NY, USA},
    isbn = {978-1-4503-4939-0},
    doi = {10.1145/3067695.3075603},
    keywords = {case-based reasoning, genetic algorithm, hybrid systems}
}

@inproceedings{7904977,
    title = {{Automatic modeling of Japanese ancient architectures}},
    year = {2017},
    booktitle = {2017 International Conference on Digital Arts, Media and Technology (ICDAMT)},
    author = {Kondo, N and Ikezawa, K and Ozeki, M},
    month = {3},
    pages = {282--285},
    doi = {10.1109/ICDAMT.2017.7904977},
    keywords = {augmented reality, authoring languages, humanities, s}
}

@article{Maidenbaum2015,
    title = {{Blind in a virtual world: Mobility-training virtual reality games for users who are blind}},
    year = {2015},
    journal = {2015 IEEE Virtual Reality Conference, VR 2015 - Proceedings},
    author = {Maidenbaum, Shachar and Amedi, Amir},
    pages = {341--342},
    isbn = {9781479917273},
    doi = {10.1109/VR.2015.7223435},
    issn = {9781479917273},
    keywords = {Sensory substitution, Universal access, Virtual reality, blind, navigation, scene recognition assistive technology}
}

@inproceedings{7344763,
    title = {{Challenges and Applications of Urban Augmented Reality Summary}},
    year = {2015},
    booktitle = {2015 IEEE International Symposium on Mixed and Augmented Reality Workshops},
    author = {Moreau, G and Taketomi, T},
    pages = {87},
    doi = {10.1109/ISMARW.2015.31},
    keywords = {augmented reality, geographic information systems, t}
}

@article{Martins2015223,
    title = {{Challenges and possibilities of use of augmented reality in education case study in music education}},
    year = {2015},
    journal = {Lecture Notes in Computer Science (including subseries Lecture Notes in Artificial Intelligence and Lecture Notes in Bioinformatics)},
    author = {Martins, Val√©ria Farinazzo and Gomes, L and Guimar{\~{a}}es, M P},
    pages = {223--233},
    volume = {9159},
    url = {https://www.scopus.com/inward/record.uri?eid=2-s2.0-84948951556&doi=10.1007%2F978-3-319-21413-9_16&partnerID=40&md5=54db38544c1d19d614f204504c0a197f},
    doi = {10.1007/978-3-319-21413-9{\_}16}
}

@incollection{Barbadillo2014,
    title = {{Collaborative E-Learning Framework for Creating Augmented Reality Mobile Educational Activities}},
    year = {2014},
    booktitle = {Ubiquitous Computing and Ambient Intelligence. Personalisation and User Adapted Services: 8th International Conference, UCAmI 2014, Belfast, UK, December 2-5, 2014. Proceedings},
    author = {Barbadillo, Javier and Barrena, Nagore and Go{\~{n}}i, V√≠ctor and S{\'{a}}nchez, Jairo R},
    editor = {Herv{\'{a}}s, Ram√≥n and Lee, Sungyoung and Nugent, Chris and Bravo, Jos√©},
    pages = {52--59},
    publisher = {Springer International Publishing},
    address = {Cham},
    isbn = {978-3-319-13102-3},
    doi = {10.1007/978-3-319-13102-3{\_}11}
}

@inproceedings{Cortes-Davalos2017640,
    title = {{Collaborative Web Authoring of 3D Surfaces Using Augmented Reality on Mobile Devices}},
    year = {2016},
    booktitle = {Proceedings - 2016 IEEE/WIC/ACM International Conference on Web Intelligence, WI 2016},
    author = {Cort{\'{e}}s-D{\'{a}}valos, A and Mendoza, S},
    month = {10},
    pages = {640--643},
    url = {https://www.scopus.com/inward/record.uri?eid=2-s2.0-85013080190&doi=10.1109%2FWI.2016.0113&partnerID=40&md5=9cbaf5bea8b8e99c0003ac34983c8671},
    doi = {10.1109/WI.2016.0113},
    keywords = {Internet, augmented reality, authoring systems, compu}
}

@article{Neges201718,
    title = {{Combining visual natural markers and {\{}IMU{\}} for improved {\{}AR{\}} based indoor navigation}},
    year = {2017},
    journal = {Advanced Engineering Informatics},
    author = {Neges, Matthias and Koch, Christian and K{\"{o}}nig, Markus and Abramovici, Michael},
    pages = {18--31},
    volume = {31},
    url = {https://www.sciencedirect.com/science/article/pii/S1474034615001081},
    doi = {10.1016/j.aei.2015.10.005},
    issn = {1474-0346},
    keywords = {Augmented reality, Facility maintenance, Indoor navigation, Inertial Measurement Unit, Natural markers}
}

@inproceedings{6180901,
    title = {{Command Center: Authoring tool to supervise augmented reality session}},
    year = {2012},
    booktitle = {2012 IEEE Virtual Reality Workshops (VRW)},
    author = {Tache, R and Abeykoon, H A and Karunanayaka, K T and Kumarasinghe, J P and Roth, G and Fernando, O N N and Cheok, Adrian David},
    month = {3},
    pages = {99--100},
    doi = {10.1109/VR.2012.6180901},
    issn = {1087-8270},
    keywords = {augmented reality, authoring systems, avatars, helmet}
}

@inproceedings{Engelke:2015:CFC:2713168.2713169,
    title = {{Content First: A Concept for Industrial Augmented Reality Maintenance Applications Using Mobile Devices}},
    year = {2015},
    booktitle = {Proceedings of the 6th ACM Multimedia Systems Conference},
    author = {Engelke, Timo and Keil, Jens and Pavel, Rojtberg and Wientapper, Folker and Schmitt, Michael and Bockholt, Ulrich},
    pages = {105--111},
    series = {MMSys '15},
    publisher = {ACM},
    url = {http://doi.acm.org/10.1145/2713168.2713169},
    address = {New York, NY, USA},
    isbn = {978-1-4503-3351-1},
    doi = {10.1145/2713168.2713169}
}

@article{Korn2014,
    title = {{Context-aware assistive systems at the workplace}},
    year = {2014},
    journal = {Proceedings of the 7th International Conference on PErvasive Technologies Related to Assistive Environments - PETRA '14},
    author = {Korn, Oliver and Funk, Markus and Abele, Stephan and H{\"{o}}rz, Thomas and Schmidt, Albrecht},
    pages = {1--8},
    url = {http://dl.acm.org/citation.cfm?doid=2674396.2674406},
    isbn = {9781450327466},
    doi = {10.1145/2674396.2674406},
    keywords = {11, 13, 14, 15, and a concept for, assistive systems using projection, in this paper these, is based on previous, the work presented here, wizards using gamification, work on}
}

@article{Barrena2016483,
    title = {{CoolTour: VR and AR authoring tool to create cultural experiences}},
    year = {2016},
    journal = {Smart Innovation, Systems and Technologies},
    author = {Barrena, Nagore and Navarro, A and Garc{\'{i}}a, S and Oyarzun, D},
    pages = {483--489},
    volume = {55},
    url = {https://www.scopus.com/inward/record.uri?eid=2-s2.0-84977138509&doi=10.1007%2F978-3-319-39345-2_42&partnerID=40&md5=82633c5b3ce7ee52a2e17f35d01ab91d},
    doi = {10.1007/978-3-319-39345-2{\_}42}
}

@incollection{Ruminski2013,
    title = {{Creation of interactive AR content on mobile devices}},
    year = {2013},
    booktitle = {Lecture Notes in Business Information Processing},
    author = {Rumi{\'{n}}ski, Dariusz and Walczak, Krzysztof},
    editor = {Abramowicz, Witold},
    pages = {258--269},
    volume = {160},
    publisher = {Springer Berlin Heidelberg},
    address = {Berlin, Heidelberg},
    isbn = {9783642416866},
    doi = {10.1007/978-3-642-41687-3{\_}24},
    issn = {18651348},
    keywords = {Augmented reality, MARAT, Mixed reality, Mobile authoring, Virtual exhibitions}
}

@article{Korn2015,
    title = {{Design approaches for the gamification of production environments}},
    year = {2015},
    journal = {Proceedings of the 8th ACM International Conference on PErvasive Technologies Related to Assistive Environments - PETRA '15},
    author = {Korn, Oliver and Funk, Markus and Schmidt, Albrecht},
    pages = {1--7},
    url = {http://dl.acm.org/citation.cfm?doid=2769493.2769549},
    isbn = {9781450334525},
    doi = {10.1145/2769493.2769549},
    issn = {9781450334525}
}

@inproceedings{Gandy:2014:DAR:2642918.2647369,
    title = {{Designer's Augmented Reality Toolkit, Ten Years Later: Implications for New Media Authoring Tools}},
    year = {2014},
    booktitle = {Proceedings of the 27th Annual ACM Symposium on User Interface Software and Technology},
    author = {Gandy, Maribeth and MacIntyre, Blair},
    pages = {627--636},
    series = {UIST '14},
    publisher = {ACM},
    url = {http://doi.acm.org/10.1145/2642918.2647369},
    address = {New York, NY, USA},
    isbn = {978-1-4503-3069-5},
    doi = {10.1145/2642918.2647369},
    keywords = {augmented reality, authoring tools, evaluation, mixed reality, practitioners}
}

@inproceedings{Sambrooks2016,
    title = {{Designing HARATIO: A Novice AR Authoring Tool}},
    year = {2016},
    booktitle = {Proceedings of the 28th Australian Conference on Computer-Human Interaction},
    author = {Sambrooks, Lawrence and Wilkinson, Brett},
    pages = {175--179},
    series = {OzCHI '16},
    publisher = {ACM},
    url = {http://doi.acm.org/10.1145/3010915.3011005},
    address = {New York, NY, USA},
    isbn = {978-1-4503-4618-4},
    doi = {10.1145/3010915.3011005},
    keywords = {AR, authoring tool, mobile, novice, user interface}
}

@inproceedings{Lochrie:2013:DSM:2536853.2536914,
    title = {{Designing Seamless Mobile Augmented Reality Location Based Game Interfaces}},
    year = {2013},
    booktitle = {Proceedings of International Conference on Advances in Mobile Computing {\&}{\#}38; Multimedia},
    author = {Lochrie, Mark and Pucihar, Klen Copic and Gradinar, Adrian and Coulton, Paul},
    pages = {412:412--------412:415},
    series = {MoMM '13},
    publisher = {ACM},
    url = {http://doi.acm.org/10.1145/2536853.2536914},
    address = {New York, NY, USA},
    isbn = {978-1-4503-2106-8},
    doi = {10.1145/2536853.2536914},
    keywords = {Augmented Reality, Location Based Game, Mixed Reality, Mobile, Pervasive, Player Generated Content, Seamful Design}
}

@article{Carlton201441,
    title = {{Digital culture and art therapy}},
    year = {2014},
    journal = {The Arts in Psychotherapy},
    author = {Carlton, Natalie R},
    number = {1},
    pages = {41--45},
    volume = {41},
    url = {https://www.sciencedirect.com/science/article/pii/S0197455613001858},
    doi = {10.1016/j.aip.2013.11.006},
    issn = {0197-4556},
    keywords = {Conscious media adaptation, Digital art therapy, Digital media use in art therapy, Digital natives, Multicultural considerations for digital media}
}

@article{Pedro2015,
    title = {{Does gamification work for boys and girls?}},
    year = {2015},
    journal = {Proceedings of the 30th Annual ACM Symposium on Applied Computing - SAC '15},
    author = {Pedro, Lais Z. and Lopes, Aparecida M. Z. and Prates, Bruno G. and Vassileva, Julita and Isotani, Seiji},
    pages = {214--219},
    url = {http://dl.acm.org/citation.cfm?doid=2695664.2695752},
    isbn = {9781450331968},
    doi = {10.1145/2695664.2695752},
    issn = {9781450331968},
    keywords = {E-Learning, Gamification, Educational Game, Motiva}
}

@inproceedings{6365912,
    title = {{Efficient 3D content authoring framework based on mobile AR}},
    year = {2012},
    booktitle = {2012 18th International Conference on Virtual Systems and Multimedia},
    author = {Lee, S W and Jung, Jinki and Hong, Jihye and Lee, S W and Cho, H and Yang, Hyun Seung},
    pages = {95--102},
    doi = {10.1109/VSMM.2012.6365912},
    keywords = {augmented reality, client-server systems, computer a}
}

@inproceedings{7751869,
    title = {{eMadrid project: Authoring, reuse and remote labs}},
    year = {2016},
    booktitle = {2016 International Symposium on Computers in Education (SIIE)},
    author = {Artacho, M R and Gil, M A C and D{\'{i}}az, G and Mart{\'{i}}n, S and Sancrist{\'{o}}bal, E and Centeno, R and Alam{\'{a}}n, X and Mateu, J and Lasala, M J and Sacha, G M and Jurado, F},
    pages = {1--3},
    doi = {10.1109/SIIE.2016.7751869},
    keywords = {eMadrid project, educational, educational technology}
}

@article{Behzadan20133,
    title = {{Enabling discovery‚Äêbased learning in construction using telepresent augmented reality}},
    year = {2013},
    journal = {Automation in Construction},
    author = {Behzadan, Amir H and Kamat, Vineet R},
    pages = {3--10},
    volume = {33},
    url = {https://www.sciencedirect.com/science/article/pii/S0926580512001525},
    doi = {10.1016/j.autcon.2012.09.003},
    issn = {0926-5805},
    keywords = {Augmented reality, Construction engineering, Education, Learning, Visualization}
}

@article{Sankowski201770,
    title = {{Estimation of measurement uncertainty in stereo vision system}},
    year = {2017},
    journal = {Image and Vision Computing},
    author = {Sankowski, W and W{\l}odarczyk, M and Kacperski, D and Grabowski, K},
    pages = {70--81},
    volume = {61},
    doi = {10.1016/j.imavis.2017.02.005},
    issn = {0262-8856},
    keywords = {Accuracy measurement, Measurement uncertainty, Stereo vision}
}

@article{Perez-Sanagustin2013573,
    title = {{etiquetAR: Tagging learning experiences}},
    year = {2013},
    journal = {Lecture Notes in Computer Science (including subseries Lecture Notes in Artificial Intelligence and Lecture Notes in Bioinformatics)},
    author = {P{\'{e}}rez-Sanagust{\'{i}}n, M and Mart{\'{i}}nez, A and Delgado-Kloos, C},
    pages = {573--576},
    volume = {8095 LNCS},
    url = {https://www.scopus.com/inward/record.uri?eid=2-s2.0-84883440308&doi=10.1007%2F978-3-642-40814-4_61&partnerID=40&md5=6c83377382102759996d1a86499a2f32},
    doi = {10.1007/978-3-642-40814-4{\_}61}
}

@inproceedings{Krichenbauer2017192,
    title = {{Evaluating Positional Head-Tracking in Immersive VR for 3D Designers}},
    year = {2016},
    booktitle = {2016 IEEE International Symposium on Mixed and Augmented Reality (ISMAR-Adjunct)},
    author = {Krichenbauer, M and Yamamoto, Goshiro and Taketomi, Takafumi and Sandor, C and Kato, Hirokazu and Feiner, S},
    pages = {192--193},
    url = {https://www.scopus.com/inward/record.uri?eid=2-s2.0-85015214438&doi=10.1109%2FISMAR-Adjunct.2016.0074&partnerID=40&md5=160d9908fbf8c205e305dcd4220cbdbf},
    doi = {10.1109/ISMAR-Adjunct.2016.0074},
    keywords = {computer science education, graphical user interfac}
}

@article{Wojciechowski2013570,
    title = {{Evaluation of learners' attitude toward learning in ARIES augmented reality environments}},
    year = {2013},
    journal = {Computers {\&} Education},
    author = {Wojciechowski, Rafal and Cellary, Wojciech},
    pages = {570--585},
    volume = {68},
    doi = {10.1016/j.compedu.2013.02.014},
    issn = {0360-1315},
    keywords = {Augmented reality, Authoring tools and methods, Evaluation of CAL systems, Interactive learning environments, Multimedia/hypermedia systems}
}

@article{Wrzesien2012461,
    title = {{Evaluation of the quality of collaboration between the client and the therapist in phobia treatments}},
    year = {2012},
    journal = {Interacting with Computers},
    author = {Wrzesien, Maja and Burkhardt, Jean-Marie and Botella, Cristina and Alca{\~{n}}iz, Mariano},
    number = {6},
    pages = {461--471},
    volume = {24},
    url = {https://www.sciencedirect.com/science/article/pii/S095354381200094X},
    doi = {10.1016/j.intcom.2012.09.001},
    issn = {0953-5438},
    keywords = {Augmented Reality, Collaboration, Mental Health technologies}
}

@inproceedings{Gonzalez-Gonzalez:2016:EUG:2998626.2998651,
    title = {{Evaluation of UX in Geolocated Serious Games with AR}},
    year = {2016},
    booktitle = {Proceedings of the XVII International Conference on Human Computer Interaction},
    author = {Gonz{\'{a}}lez-Gonz{\'{a}}lez, Carina S and Armas-Torres, M¬™Bel√©n and Barrios-Fleitas, Yeray},
    pages = {2:1----2:2},
    series = {Interacci{\&}oacute;n '16},
    publisher = {ACM},
    address = {New York, NY, USA},
    isbn = {978-1-4503-4119-6},
    doi = {10.1145/2998626.2998651},
    keywords = {AR, Evaluation, Playability, Serious games, UX/PX, geolocalization}
}

@inproceedings{Stirbu:2012:EDH:2307819.2307831,
    title = {{Experiences Designing Hypermedia-driven and Self-adaptive Web-based AR Authoring Tools}},
    year = {2012},
    booktitle = {Proceedings of the Third International Workshop on RESTful Design},
    author = {Stirbu, Vlad and You, Yu},
    pages = {49--52},
    series = {WS-REST '12},
    publisher = {ACM},
    url = {http://doi.acm.org/10.1145/2307819.2307831},
    address = {New York, NY, USA},
    isbn = {978-1-4503-1190-8},
    doi = {10.1145/2307819.2307831},
    keywords = {augmented reality, hypermedia, mirror worlds, user interfaces}
}

@inproceedings{Huo:2017:EAI:3024969.3025044,
    title = {{Exploring Advance Interactions for Augmented Reality: From Casual Activities to In-Situ 3D Modeling}},
    year = {2017},
    booktitle = {Proceedings of the Eleventh International Conference on Tangible, Embedded, and Embodied Interaction},
    author = {Huo, Ke},
    pages = {725--728},
    series = {TEI '17},
    publisher = {ACM},
    url = {http://doi.acm.org/10.1145/3024969.3025044},
    address = {New York, NY, USA},
    isbn = {978-1-4503-4676-4},
    doi = {10.1145/3024969.3025044},
    keywords = {3d interaction, augmented reality, mixed reality, sketch-based 3d modeling, tangible interaction}
}

@inproceedings{Nilsson:2012:EPD:2414536.2414601,
    title = {{Exploring Place and Direction: Mobile Augmented Reality in the Astrid Lindgren Landscape}},
    year = {2012},
    booktitle = {Proceedings of the 24th Australian Computer-Human Interaction Conference},
    author = {Nilsson, Susanna and Arvola, Mattias and Szczepanski, Anders and B{\aa}ng, Magnus},
    pages = {411--419},
    series = {OzCHI '12},
    publisher = {ACM},
    address = {New York, NY, USA},
    isbn = {978-1-4503-1438-1},
    doi = {10.1145/2414536.2414601},
    keywords = {augmented reality, contextual learning, mobile augmented reality, qualitative user study}
}

@article{Bae:2015:FSC:2857322.2857352,
    title = {{Fast and scalable 3D cyber-physical modeling for high-precision mobile augmented reality systems}},
    year = {2015},
    journal = {Personal and Ubiquitous Computing},
    author = {Bae, Hyojoon and White, Jules and Golparvar-Fard, Mani and Pan, Yao and Sun, Yu},
    number = {8},
    pages = {1275--1294},
    volume = {19},
    publisher = {Springer-Verlag},
    url = {http://dx.doi.org/10.1007/s00779-015-0892-6},
    address = {London, UK, UK},
    doi = {10.1007/s00779-015-0892-6},
    issn = {16174909},
    keywords = {Image-based modeling, Mobile augmented reality, Structure-from-Motion}
}

@inproceedings{Camba2015,
    title = {{From reality to augmented reality: Rapid strategies for developing marker-based AR content using image capturing and authoring tools}},
    year = {2015},
    booktitle = {2015 IEEE Frontiers in Education Conference (FIE)},
    author = {Camba, Jorge D and Contero, Manuel},
    month = {10},
    pages = {1--6},
    volume = {2014},
    publisher = {IEEE},
    isbn = {978-1-4799-8454-1},
    doi = {10.1109/FIE.2015.7344162},
    issn = {15394565},
    keywords = {3D content creation, augmented reality, image-based modeling}
}

@article{Villagrasa2013,
    title = {{Gamification for learning 3D computer graphics arts}},
    year = {2013},
    journal = {Proceedings of the First International Conference on Technological Ecosystem for Enhancing Multiculturality - TEEM '13},
    author = {Villagrasa, Sergi and Duran, Jaume},
    pages = {429--433},
    url = {http://dl.acm.org/citation.cfm?doid=2536536.2536602},
    isbn = {9781450323451},
    doi = {10.1145/2536536.2536602}
}

@article{Panagiotopoulos2017480,
    title = {{Generation and authoring of augmented reality terrains through real-time analysis of map images}},
    year = {2017},
    journal = {Lecture Notes in Computer Science (including subseries Lecture Notes in Artificial Intelligence and Lecture Notes in Bioinformatics)},
    author = {Panagiotopoulos, T and Arvanitis, G and Moustakas, K and Fakotakis, N},
    pages = {480--491},
    volume = {10269 LNCS},
    url = {https://www.scopus.com/inward/record.uri?eid=2-s2.0-85020414772&doi=10.1007%2F978-3-319-59126-1_40&partnerID=40&md5=df429cb2a7086d3f44bcf0e5b97b47df},
    doi = {10.1007/978-3-319-59126-1{\_}40}
}

@article{Munoz-Cristobal2013565,
    title = {{GLUEPS-AR: A system for the orchestration of learning situations across spaces using augmented reality}},
    year = {2013},
    journal = {Lecture Notes in Computer Science (including subseries Lecture Notes in Artificial Intelligence and Lecture Notes in Bioinformatics)},
    author = {Mu{\~{n}}oz-Crist{\'{o}}bal, J A and Prieto, L P and Asensio-P{\'{e}}rez, J I and Jorr{\'{i}}n-Abell{\'{a}}n, I M and Mart{\'{i}}nez-Mon{\'{e}}s, A and Dimitriadis, Y},
    pages = {565--568},
    volume = {8095 LNCS},
    url = {https://www.scopus.com/inward/record.uri?eid=2-s2.0-84883380944&doi=10.1007%2F978-3-642-40814-4_59&partnerID=40&md5=8f4af29a0416a518dbcf489a777b39a6},
    doi = {10.1007/978-3-642-40814-4{\_}59}
}

@inproceedings{Munoz-Cristobal201365,
    title = {{Helping educators to orchestrate learning situations involving multiple physical and virtual spaces}},
    year = {2013},
    booktitle = {CEUR Workshop Proceedings},
    author = {Mu{\~{n}}oz-Crist{\'{o}}bal, J A},
    pages = {65--70},
    volume = {1093},
    url = {https://www.scopus.com/inward/record.uri?eid=2-s2.0-84922962452&partnerID=40&md5=b7ccda6fcf9652a63d5e77179e4005c3}
}

@article{Bae2015,
    title = {{Image-based localization and content authoring in structure-from-motion point cloud models for real-time field reporting applications}},
    year = {2015},
    journal = {Journal of Computing in Civil Engineering},
    author = {Bae, Hyojoon and Golparvar-Fard, Mani and White, Jules},
    number = {4},
    volume = {29},
    url = {https://www.scopus.com/inward/record.uri?eid=2-s2.0-84928965541&doi=10.1061%2F%28ASCE%29CP.1943-5487.0000392&partnerID=40&md5=2947dfb18d8c2c2446252a82c9937d6c},
    doi = {10.1061/(ASCE)CP.1943-5487.0000392}
}

@article{Stefan20121056,
    title = {{Immersive Collaborative Environments for Teaching and Learning Traditional Design}},
    year = {2012},
    journal = {Procedia - Social and Behavioral Sciences},
    author = {{\c{S}}tefan, Livia},
    pages = {1056--1060},
    volume = {51},
    doi = {10.1016/j.sbspro.2012.08.287},
    issn = {1877-0428},
    keywords = {augmented reality, constructivist learning, traditional design, virtual reality}
}

@article{Heydarian2015116,
    title = {{Immersive virtual environments versus physical built environments: A benchmarking study for building design and user-built environment explorations}},
    year = {2015},
    journal = {Automation in Construction},
    author = {Heydarian, Arsalan and Carneiro, Joao P and Gerber, David and Becerik-Gerber, Burcin and Hayes, Timothy and Wood, Wendy},
    pages = {116--126},
    volume = {54},
    url = {https://www.sciencedirect.com/science/article/pii/S0926580515000606},
    doi = {10.1016/j.autcon.2015.03.020},
    issn = {0926-5805},
    keywords = {Design technology, Feedback, Immersive virtual environment, Performance, Prototyping, Virtual reality}
}

@article{DiSerio2013586,
    title = {{Impact of an augmented reality system on students' motivation for a visual art course}},
    year = {2013},
    journal = {Computers {\&} Education},
    author = {Serio, √Ångela Di and Ib{\'{a}}{\~{n}}ez, Mar√≠a Blanca and Kloos, Carlos Delgado},
    pages = {586--596},
    volume = {68},
    doi = {10.1016/j.compedu.2012.03.002},
    issn = {0360-1315},
    keywords = {Augmented reality, Middle-school education, Motivation}
}

@article{Hwang2016143,
    title = {{Implementation of Smart-Learning Content Authoring Tool System Utilizing HTML5}},
    year = {2016},
    journal = {International Journal of Multimedia and Ubiquitous Engineering},
    author = {Hwang, H S and Yun, J S and Park, J T and Moon, I Y},
    number = {10},
    pages = {143--150},
    volume = {11},
    url = {https://www.scopus.com/inward/record.uri?eid=2-s2.0-84994301730&doi=10.14257%2Fijmue.2016.11.10.13&partnerID=40&md5=76d2961427adbfa866ca5b1dfe9daffe},
    doi = {10.14257/ijmue.2016.11.10.13}
}

@article{Erkoyuncu2017,
    title = {{Improving efficiency of industrial maintenance with context aware adaptive authoring in augmented reality}},
    year = {2017},
    journal = {CIRP Annals},
    author = {Erkoyuncu, John Ahmet and del Amo, I√±igo Fern√°ndez and Mura, Michela Dalle and Roy, Rajkumar and Dini, Gino},
    number = {1},
    pages = {465--468},
    volume = {66},
    doi = {https://doi.org/10.1016/j.cirp.2017.04.006},
    issn = {0007-8506},
    keywords = {Adaptive authoring, Augmented reality, Maintenance}
}

@article{Hagbi2014,
    title = {{In-Place Sketching for Augmented Reality Games}},
    year = {2014},
    journal = {Computers in Entertainment},
    author = {Hagbi, Nate and Grasset, Rapha√´l and Bergig, Oriel and Billinghurst, Mark and El-Sana, Jihad},
    number = {3},
    month = {2},
    volume = {12},
    publisher = {ACM},
    address = {New York, NY, USA},
    doi = {10.1145/2702109.2633419},
    issn = {1544-3574},
    keywords = {Augmented reality, game design, sketching user interface}
}

@article{Korn2012,
    title = {{Industrial playgrounds}},
    year = {2012},
    journal = {Proceedings of the 4th ACM SIGCHI symposium on Engineering interactive computing systems - EICS '12},
    author = {Korn, Oliver},
    number = {June},
    pages = {313},
    url = {http://dl.acm.org/citation.cfm?doid=2305484.2305539},
    isbn = {9781450311687},
    doi = {10.1145/2305484.2305539},
    keywords = {and secondly impaired or, as well as general, disabled workers, firstly elderly workers, for focusing on these, groups, the asipe addresses two, the motivation}
}

@article{Valverde2014122,
    title = {{Innovative Dance-Technology Educational Practices within Senses Places}},
    year = {2014},
    journal = {Procedia Technology},
    author = {Valverde, Isabel and Cochrane, Todd},
    pages = {122--129},
    volume = {13},
    doi = {10.1016/j.protcy.2014.02.016},
    issn = {2212-0173},
    keywords = {Art-Technology, Choreography, Curriculum design, Dance-Technology, Embodiment, Human-Machine Interface, Kinesthesia, Posthuman corporeality, Somatics, System design}
}

@article{Frasca2015,
    title = {{Innovative systems for the enjoyment of pictorial works the experience of Gallerie dell'Accademia Museum in Venice}},
    year = {2015},
    journal = {2015 Digital Heritage},
    author = {Frasca, Roberto and Mazzeo, Antonio and Pantile, Davide and Ventrella, Matteo and Verreschi, Giovanni},
    pages = {349--352},
    url = {http://ieeexplore.ieee.org/document/7413899/},
    isbn = {978-1-5090-0254-2},
    doi = {10.1109/DigitalHeritage.2015.7413899},
    issn = {9781509000487},
    arxivId = {arXiv:1402.2114}
}

@inproceedings{8102608,
    title = {{Inoovas - Industrial ontology for operation in virtual and augmented scene: The architecture}},
    year = {2017},
    booktitle = {2017 4th International Conference on Control, Decision and Information Technologies (CoDIT)},
    author = {Vincent, H and Benoit, J and Xavier, S and David, B},
    pages = {300--305},
    doi = {10.1109/CoDIT.2017.8102608},
    keywords = {augmented reality, ontologies (artificial intellige}
}

@inproceedings{Lobo2013265,
    title = {{Integrated authoring tool for mobile augmented reality-based e-learning applications}},
    year = {2013},
    booktitle = {Proceedings of the IADIS International Conference Mobile Learning 2013, ML 2013},
    author = {Lobo, M F and Garc{\'{i}}a, V M √Å and Del Puerto Paule Ruiz, M},
    pages = {265--268},
    url = {https://www.scopus.com/inward/record.uri?eid=2-s2.0-84944089080&partnerID=40&md5=47e04d69ada728da64129f4d234fc8fa}
}

@inproceedings{Wang2013242,
    title = {{Integrated content authoring for augmented reality based product manual assembly process instruction}},
    year = {2013},
    booktitle = {Proceedings of International Conference on Computers and Industrial Engineering, CIE},
    author = {Wang, J F and Zeng, C and Liu, Y and Li, S Q},
    pages = {242--251},
    volume = {1},
    url = {https://www.scopus.com/inward/record.uri?eid=2-s2.0-84898791885&partnerID=40&md5=a88357e6068a0041a1d846458d3aa493}
}

@inproceedings{Yang20171429,
    title = {{Interactive Augmented Reality Authoring System using mobile device as input method}},
    year = {2016},
    booktitle = {2016 IEEE International Conference on Systems, Man, and Cybernetics (SMC)},
    author = {Yang, Yoonsik and Shim, Jinwook and Chae, Seungho and Han, Tack-Don},
    month = {10},
    pages = {1429--1432},
    url = {https://www.scopus.com/inward/record.uri?eid=2-s2.0-85015764177&doi=10.1109%2FSMC.2016.7844437&partnerID=40&md5=7c85a6af5389b88c013473034fd09dbe},
    doi = {10.1109/SMC.2016.7844437},
    keywords = {augmented reality, authoring systems, helmet mounted}
}

@article{Jeon2016612,
    title = {{Interactive authoring tool for mobile augmented reality content}},
    year = {2016},
    journal = {Journal of Information Processing Systems},
    author = {Jeon, J and Hong, M and Yi, M and Chun, J and Kim, J S and Choi, Y J},
    number = {4},
    pages = {612--630},
    volume = {12},
    url = {https://www.scopus.com/inward/record.uri?eid=2-s2.0-85010375412&doi=10.3745%2FJIPS.02.0048&partnerID=40&md5=40f5cace2a6867e6e46a4b9a167aeda7},
    doi = {10.3745/JIPS.02.0048}
}

@inproceedings{Shim2014,
    title = {{Interactive features based augmented reality authoring tool}},
    year = {2014},
    booktitle = {2014 IEEE International Conference on Consumer Electronics (ICCE)},
    author = {Shim, Jinwook and Kong, Minje and Yang, Yoonsik and Seo, Jonghoon and Han, Tack-Don},
    pages = {47--50},
    isbn = {978-1-4799-1291-9},
    doi = {10.1109/ICCE.2014.6775902},
    issn = {2158-3994}
}

@article{Mori2013718,
    title = {{Interactive Stereoscopic Authoring in MR-Based Pre-visualization for 3D Filmmaking}},
    year = {2013},
    journal = {Communications in Computer and Information Science},
    author = {Mori, S and Shibata, F and Kimura, A and Tamura, H},
    number = {PART II},
    pages = {718--722},
    volume = {374},
    url = {https://www.scopus.com/inward/record.uri?eid=2-s2.0-84886234036&doi=10.1007%2F978-3-642-39476-8_144&partnerID=40&md5=34839422fc14ca31b59e47e59699f3a5},
    doi = {10.1007/978-3-642-39476-8{\_}144}
}

@inproceedings{Zhao2017,
    title = {{IVR for the geosciences}},
    year = {2017},
    booktitle = {2017 IEEE Virtual Reality Workshop on K-12 Embodied Learning through Virtual Augmented Reality (KELVAR)},
    author = {Zhao, Jiayan and LaFemina, P and Wallgr{\"{u}}n, J O and Oprean, D and Klippel, A},
    month = {3},
    pages = {1--6},
    url = {https://www.scopus.com/inward/record.uri?eid=2-s2.0-85026381324&doi=10.1109%2FKELVAR.2017.7961557&partnerID=40&md5=a09460f44d16d74b12d9487780b9cc9f},
    doi = {10.1109/KELVAR.2017.7961557},
    keywords = {STEM, computer aided instruction, geophysics computi}
}

@inproceedings{Ens:2017:IES:3141475.3141507,
    title = {{Ivy: Exploring Spatially Situated Visual Programming for Authoring and Understanding Intelligent Environments}},
    year = {2017},
    booktitle = {Proceedings of the 43rd Graphics Interface Conference},
    author = {Ens, Barrett and Anderson, Fraser and Grossman, Tovi and Annett, Michelle and Irani, Pourang and Fitzmaurice, George},
    pages = {156--162},
    series = {GI '17},
    publisher = {Canadian Human-Computer Communications Society},
    url = {https://doi.org/10.20380/GI2017.20},
    address = {School of Computer Science, University of Waterloo, Waterloo, Ontario, Canada},
    isbn = {978-0-9947868-2-1},
    doi = {10.20380/GI2017.20},
    keywords = {Virtual reality, immersive analytics, internet of thing, mixed reality, spatial interaction, visual programming language}
}

@article{Maia20173,
    title = {{LAGARTO: A LocAtion based Games AuthoRing {\{}TOol{\}} enhanced with augmented reality features}},
    year = {2017},
    journal = {Entertainment Computing},
    author = {Maia, Lu√≠s Fernando and Nol{\^{e}}to, Carleandro and Lima, Messias and Ferreira, Cristiane and Marinho, Cl√°udia and Viana, Windson and Trinta, Fernando},
    pages = {3--13},
    volume = {22},
    doi = {10.1016/j.entcom.2017.05.001},
    issn = {1875-9521},
    keywords = {Augmented reality, Authoring tool, Location-based games, Pervasive games}
}

@inproceedings{Cortes-Davalos2016,
    title = {{Layout planning for academic exhibits using Augmented Reality}},
    year = {2016},
    booktitle = {2016 13th International Conference on Electrical Engineering, Computing Science and Automatic Control (CCE)},
    author = {Cort{\'{e}}s-D{\'{a}}valos, A and Mendoza, S},
    pages = {1--6},
    url = {https://www.scopus.com/inward/record.uri?eid=2-s2.0-85006893023&doi=10.1109%2FICEEE.2016.7751241&partnerID=40&md5=511f8b966b75c7fed22d13316aff49c9},
    doi = {10.1109/ICEEE.2016.7751241},
    keywords = {AR-ba, augmented reality, computer aided instruction}
}

@inproceedings{Conde:2017:LAE:3144826.3145386,
    title = {{Learning Analytics: Expanding the Frontier}},
    year = {2017},
    booktitle = {Proceedings of the 5th International Conference on Technological Ecosystems for Enhancing Multiculturality},
    author = {Conde, Miguel √Å and Hern{\'{a}}ndez-Garc{\'{i}}a, √Ångel},
    pages = {36:1----36:5},
    series = {TEEM 2017},
    publisher = {ACM},
    url = {http://doi.acm.org/10.1145/3144826.3145386},
    address = {New York, NY, USA},
    isbn = {978-1-4503-5386-1},
    doi = {10.1145/3144826.3145386},
    keywords = {Competence-based Learning, Competences, Data Visualization, Learning Analytics, Needs, Opportunities, Peer Assessment, Predictive systems}
}

@inproceedings{6402562,
    title = {{Learning task structure from video examples for workflow tracking and authoring}},
    year = {2012},
    booktitle = {2012 IEEE International Symposium on Mixed and Augmented Reality (ISMAR)},
    author = {Petersen, N and Stricker, Didier},
    month = {11},
    pages = {237--246},
    doi = {10.1109/ISMAR.2012.6402562},
    keywords = {augmented reality, image classification, image segme}
}

@article{Ginters20133,
    title = {{Low Cost Augmented Reality and RFID Application for Logistics Items Visualization}},
    year = {2013},
    journal = {Procedia Computer Science},
    author = {Ginters, Egils and Martin-Gutierrez, Jorge},
    pages = {3--13},
    volume = {26},
    url = {https://www.sciencedirect.com/science/article/pii/S187705091301274X},
    doi = {10.1016/j.procs.2013.12.002},
    issn = {1877-0509},
    keywords = {Augmented reality platforms, Identification, Logistics, Radio frequency identification (RFID), Virtual and augmented reality (VR/AR)}
}

@inproceedings{6486967,
    title = {{Marker-based tangible interfaces for 3D reconstruction}},
    year = {2013},
    booktitle = {2013 IEEE International Conference on Consumer Electronics (ICCE)},
    author = {Jung, K and Park, J I and Choi, B U},
    pages = {440--441},
    doi = {10.1109/ICCE.2013.6486967},
    issn = {2158-3994},
    keywords = {3D geometri, augmented reality, image reconstruction}
}

@article{PauloLima2017100,
    title = {{Markerless tracking system for augmented reality in the automotive industry}},
    year = {2017},
    journal = {Expert Systems with Applications},
    author = {Lima, Jo√£o Paulo and Roberto, Rafael Alves and Sim√µes, Francisco and Almeida, Mozart and Figueiredo, Lucas and Teixeira, Jo√£o Marcelo and Teichrieb, Veronica},
    pages = {100--114},
    volume = {82},
    doi = {10.1016/j.eswa.2017.03.060},
    issn = {0957-4174},
    keywords = {Augmented reality, Automotive sector, Tracking}
}

@inproceedings{8124302,
    title = {{MARS: Mobile augmented reality script framework}},
    year = {2017},
    booktitle = {2017 24 {\#}186; Encontro Portugu {\#}234;s de Computa {\#}231; {\#}227;o Gr {\#}225;fica e Intera {\#}231; {\#}227;o (EPCGI)},
    author = {Constancio, D and Casanova, D and Fernandes, A R},
    month = {10},
    pages = {1--8},
    doi = {10.1109/EPCGI.2017.8124302},
    keywords = {augmented reality, human computer interaction, mobil}
}

@article{Bonsignore2012,
    title = {{Mixed reality games}},
    year = {2012},
    journal = {Proceedings of the ACM 2012 conference on Computer Supported Cooperative Work Companion - CSCW '12},
    author = {Bonsignore, Elizabeth M. and Hansen, Derek L. and Toups, Zachary O. and Nacke, Lennart E. and Salter, Anastasia and Lutters, Wayne},
    pages = {7},
    url = {http://dl.acm.org/citation.cfm?doid=2141512.2141517},
    isbn = {9781450310512},
    doi = {10.1145/2141512.2141517}
}

@inproceedings{YangY2016:2,
    title = {{Mobile Augmented Reality Authoring Tool}},
    year = {2016},
    booktitle = {2016 IEEE Tenth International Conference on Semantic Computing (ICSC)},
    author = {Yang, Yoonsik and Shim, Jinwook and Chae, Seungho and Han, Tack-Don},
    month = {2},
    pages = {358--361},
    publisher = {IEEE},
    isbn = {978-1-5090-0662-5},
    doi = {10.1109/ICSC.2016.42},
    keywords = {Authoring Tool, Mobile AR, Mobile device, component, evaluacion}
}

@inproceedings{Markov-Vetter20134542,
    title = {{Mobile augmented reality for space operation procedures: A generic approach of authoring and guiding on-board payload activities}},
    year = {2013},
    booktitle = {Proceedings of the International Astronautical Congress, IAC},
    author = {Markov-Vetter, D and Millberg, J and Staadt, O},
    pages = {4542--4555},
    volume = {6},
    url = {https://www.scopus.com/inward/record.uri?eid=2-s2.0-84904639809&partnerID=40&md5=1acee520d9016cc7c6c5e522e7e7b435}
}

@article{Turkan201790,
    title = {{Mobile augmented reality for teaching structural analysis}},
    year = {2017},
    journal = {Advanced Engineering Informatics},
    author = {Turkan, Yelda and Radkowski, Rafael and Karabulut-Ilgu, Aliye and Behzadan, Amir H and Chen, An},
    pages = {90--100},
    volume = {34},
    url = {https://www.sciencedirect.com/science/article/pii/S1474034616302944},
    doi = {10.1016/j.aei.2017.09.005},
    issn = {1474-0346}
}

@inproceedings{YooH2014,
    title = {{Mobile augmented reality system for in-situ 3D modeling and authoring}},
    year = {2014},
    booktitle = {2014 International Conference on Big Data and Smart Computing (BIGCOMP)},
    author = {Yoo, Han Kyu and Lee, J W},
    pages = {282--285},
    doi = {10.1109/BIGCOMP.2014.6741453},
    issn = {2375-933X},
    keywords = {augmented reality, authoring systems, human computer}
}

@inproceedings{Feuerstack:2015:MDM:2775292.2775293,
    title = {{Model-based Design of Multimodal Interaction for Augmented Reality Web Applications}},
    year = {2015},
    booktitle = {Proceedings of the 20th International Conference on 3D Web Technology},
    author = {Feuerstack, Sebastian and de Oliveira, √Ållan C M and dos Santos Anjo, Mauro and Araujo, Regina B and Pizzolato, Ednaldo B},
    pages = {259--267},
    series = {Web3D '15},
    publisher = {ACM},
    url = {http://doi.acm.org/10.1145/2775292.2775293},
    address = {New York, NY, USA},
    isbn = {978-1-4503-3647-5},
    doi = {10.1145/2775292.2775293},
    keywords = {augmented reality, human computer interaction, model-based user interface design, multimodal interaction, web interfaces}
}

@article{Steyn2015115,
    title = {{Modelling and design of an augmented reality differential drive mobility aid in an enabled environment}},
    year = {2015},
    journal = {Simulation Modelling Practice and Theory},
    author = {Steyn, Nico and Hamam, Yskandar and Monacelli, Eric and Djouani, Karim},
    pages = {115--134},
    volume = {51},
    url = {https://www.sciencedirect.com/science/article/pii/S1569190X14001865},
    doi = {10.1016/j.simpat.2014.11.006},
    issn = {1569-190X},
    keywords = {Augmented reality, Differential drive mobility aid}
}

@inproceedings{6913093,
    title = {{MOGRE-Storytelling: Interactive Creation of 3D Stories}},
    year = {2014},
    booktitle = {2014 XVI Symposium on Virtual and Augmented Reality},
    author = {Santiago, A D V and Sampaio, P N M and Fernandes, L R S},
    month = {5},
    pages = {190--199},
    doi = {10.1109/SVR.2014.21},
    keywords = {Internet, XML, humanities, multimedia systems, solid m}
}

@article{Haake2015,
    title = {{New Memory Spaces for Cultural History Novel Approaches for Mobile Applications in the Field of Commemorative Culture}},
    year = {2015},
    author = {Haake, Susanne and M{\"{u}}ller, Wolfgang},
    pages = {7--8},
    isbn = {9781509000487},
    issn = {9781509000487}
}

@article{Munoz-Cristobal201214,
    title = {{Orchestrating TEL situations across spaces using Augmented Reality through GLUE!-PS AR}},
    year = {2012},
    journal = {Bulletin of the Technical Committee on Learning Technology},
    author = {Mu{\~{n}}oz-Crist{\'{o}}bal, J A and Prieto, L P and Asensio-P{\'{e}}rez, J I and Jorr{\'{i}}n-Abell{\'{a}}n, I M and Dimitriadis, Y},
    number = {4},
    pages = {14--16},
    volume = {14},
    url = {https://www.scopus.com/inward/record.uri?eid=2-s2.0-84883372610&partnerID=40&md5=debbfef3b6669a6a88816a4afdc307be}
}

@article{Weing2013,
    title = {{P.I.A.N.O.: Enhancing Instrument Learning via Interactive Projected Augmentation}},
    year = {2013},
    journal = {2013 ACM Conference on Ubiquitous Computing, UbiComp 2013},
    author = {Weing, Matthias and R{\"{o}}hlig, Amrei and Rogers, Katja and Gugenheimer, Jan and Schaub, Florian and K{\"{o}}nings, Bastian and Rukzio, Enrico and Weber, Michael},
    pages = {75--78},
    url = {http://doi.acm.org/10.1145/2494091.2494113%5Cnfiles/15298/Weing et al. - 2013 - P.I.A.N.O. Enhancing Instrument Learning via Inte.pdf},
    isbn = {978-1-4503-2215-7},
    doi = {10.1145/2494091.2494113},
    keywords = {Learning mode, Musical instruments, Steep learning curve, Support learning, augmented reality, gamification, instrument learning, learning process, music notation, piano, ubiquitous computing}
}

@article{Cubillo2015778,
    title = {{Preparing augmented reality learning content should be easy: UNED ARLE - An authoring tool for augmented reality learning environments}},
    year = {2015},
    journal = {Computer Applications in Engineering Education},
    author = {Cubillo, J and Martin, S and Castro, M and Boti{\v{c}}ki, I},
    number = {5},
    pages = {778--789},
    volume = {23},
    url = {https://www.scopus.com/inward/record.uri?eid=2-s2.0-84942364637&doi=10.1002%2Fcae.21650&partnerID=40&md5=8cfcca8af34bb1c8d40ceec77a0048cc},
    doi = {10.1002/cae.21650}
}

@article{Hong2016271,
    title = {{Real-time AR edutainment system using sensor based motion recognition}},
    year = {2016},
    journal = {International Journal of Software Engineering and its Applications},
    author = {Hong, S and Jung, H and Seo, S},
    number = {1},
    pages = {271--278},
    volume = {10},
    url = {https://www.scopus.com/inward/record.uri?eid=2-s2.0-84957715076&doi=10.14257%2Fijseia.2016.10.1.26&partnerID=40&md5=564819b5ebab00a1c123170bc795ebc1},
    doi = {10.14257/ijseia.2016.10.1.26}
}

@inproceedings{delRocioFuentesFernandez:2014:RCT:2676690.2676697,
    title = {{Red Cross Triage App Design for Augmented Reality Glasses}},
    year = {2014},
    booktitle = {Proceedings of the 5th Mexican Conference on Human-Computer Interaction},
    author = {del Roc{\'{i}}o Fuentes Fern{\'{a}}ndez, Mar√≠a and Bernabe, Carlos Iv√°n Tinajar and Rodr{\'{i}}guez, Roberto Razo},
    pages = {11:11----11:14},
    series = {MexIHC '14},
    publisher = {ACM},
    url = {http://doi.acm.org/10.1145/2676690.2676697},
    address = {New York, NY, USA},
    isbn = {978-1-4503-3285-9},
    doi = {10.1145/2676690.2676697},
    keywords = {Augmented Reality, Triage, medical emergency}
}

@article{Pessoa201250,
    title = {{RPR-SORS: Real-time photorealistic rendering of synthetic objects into real scenes}},
    year = {2012},
    journal = {Computers {\&} Graphics},
    author = {Pessoa, Saulo A and de S. Moura, Guilherme and do M. Lima, Joao Paulo S and Teichrieb, Veronica and Kelner, Judith},
    number = {2},
    pages = {50--69},
    volume = {36},
    url = {https://www.sciencedirect.com/science/article/pii/S0097849311001701},
    doi = {10.1016/j.cag.2011.12.003},
    issn = {0097-8493},
    keywords = {Augmented reality, Authoring toolkit, Computer graphics, Photorealism, Pipeline}
}

@inproceedings{Reinhuber:2017:SIR:3106548.3106612,
    title = {{Scientific Images As Reality Augmentation and Perception Enhancement in Contemporary Artistic Imagery}},
    year = {2017},
    booktitle = {Proceedings of the 8th International Conference on Digital Arts},
    author = {Reinhuber, E},
    pages = {191--194},
    series = {ARTECH2017},
    publisher = {ACM},
    address = {New York, NY, USA},
    isbn = {978-1-4503-5273-4},
    doi = {10.1145/3106548.3106612},
    keywords = {Augmented Reality, Expanded Photography, Media Art, Scientific Imaging, Stereoscopic Video, Thermography, fMRI}
}

@article{Flotynski2014531,
    title = {{Semantic Modelling of Interactive 3D Content with Domain-specific Ontologies}},
    year = {2014},
    journal = {Procedia Computer Science},
    author = {Floty{\'{n}}ski, Jakub},
    pages = {531--540},
    volume = {35},
    url = {https://www.sciencedirect.com/science/article/pii/S1877050914010990},
    doi = {10.1016/j.procs.2014.08.134},
    issn = {1877-0509},
    keywords = {3D content, domain-specific ontologies, semantic modelling, semantic web, virtual and augmented reality}
}

@inproceedings{Manuel:2017:SLS:3144826.3145395,
    title = {{Simplifying Location-based Serious Game Authoring}},
    year = {2017},
    booktitle = {Proceedings of the 5th International Conference on Technological Ecosystems for Enhancing Multiculturality},
    author = {P{\'{e}}rez-Colado, Manuel V√≠ctor and P{\'{e}}rez-Colado, Jos√© Iv√°n and Mart{\'{i}}nez-Ortiz, Iv√°n and Freire-Mor{\'{a}}n, Manuel and Fern{\'{a}}ndez-Manj{\'{o}}n, Baltasar},
    pages = {45:1----45:9},
    series = {TEEM 2017},
    publisher = {ACM},
    url = {http://doi.acm.org/10.1145/3144826.3145395},
    address = {New York, NY, USA},
    isbn = {978-1-4503-5386-1},
    doi = {10.1145/3144826.3145395},
    keywords = {GPS, Serious games, augmented map, augmented reality, learning analytics, location-based, pervasive, ubiquity, xAPI}
}

@inproceedings{Novak:2013:SWR:2466627.2481215,
    title = {{Site Weave: Revealing Interconnections Through Music}},
    year = {2013},
    booktitle = {Proceedings of the 9th ACM Conference on Creativity {\&} Cognition},
    author = {Novak, Shannon},
    pages = {418--419},
    series = {C{\&}{\#}38;C '13},
    publisher = {ACM},
    url = {http://doi.acm.org/10.1145/2466627.2481215},
    address = {New York, NY, USA},
    isbn = {978-1-4503-2150-1},
    doi = {10.1145/2466627.2481215},
    keywords = {art, augmented reality, installation, mobile device, music, synesthesia}
}

@article{Langlotz2012,
    title = {{Sketching Up the World: In Situ Authoring for Mobile Augmented Reality}},
    year = {2012},
    journal = {Personal and Ubiquitous Computing},
    author = {Langlotz, Tobias and Mooslechner, Stefan and Zollmann, Stefanie and Degendorfer, Claus and Reitmayr, Gerhard and Schmalstieg, Dieter},
    number = {6},
    pages = {623--630},
    volume = {16},
    publisher = {Springer-Verlag},
    address = {London, UK, UK},
    isbn = {1617-4909},
    doi = {10.1007/s00779-011-0430-0},
    issn = {1617-4909},
    keywords = {Content authoring, Mixed and augmented reality}
}

@inproceedings{Ware:2014:SNI:2666216.2666238,
    title = {{Social Norms Influence Student Journalists' Perception of Wearable Technologies}},
    year = {2014},
    booktitle = {Proceedings of the 32Nd ACM International Conference on The Design of Communication CD-ROM},
    author = {Ware, Jennifer},
    pages = {23:1----23:2},
    series = {SIGDOC '14},
    publisher = {ACM},
    url = {http://doi.acm.org/10.1145/2666216.2666238},
    address = {New York, NY, USA},
    isbn = {978-1-4503-3183-8},
    doi = {10.1145/2666216.2666238},
    keywords = {Google Glass, Journalism, Social Norms}
}

@inproceedings{7359574,
    title = {{Speaky Notes Learn languages with augmented reality}},
    year = {2015},
    booktitle = {2015 International Conference on Interactive Mobile Communication Technologies and Learning (IMCL)},
    author = {Sorrentino, F and Spano, L D and Scateni, R},
    month = {11},
    pages = {146--150},
    doi = {10.1109/IMCTL.2015.7359574},
    keywords = {augmented reality, mobile computing, mobile handsets}
}

@inproceedings{Wichrowski:2013:TAR:2500342.2500362,
    title = {{Teaching Augmented Reality in Practice: Tools, Workshops and Students' Projects}},
    year = {2013},
    booktitle = {Proceedings of the International Conference on Multimedia, Interaction, Design and Innovation},
    author = {Wichrowski, Marcin},
    pages = {19:1----19:10},
    series = {MIDI '13},
    publisher = {ACM},
    url = {http://doi.acm.org/10.1145/2500342.2500362},
    address = {New York, NY, USA},
    isbn = {978-1-4503-2303-1},
    doi = {10.1145/2500342.2500362},
    keywords = {augmented reality, education, virtual reality}
}

@article{Villagrasa2014,
    title = {{Teaching Case: Applying Gamification Techniques and Virtual Reality for Learning Building Engineering 3D Arts}},
    year = {2014},
    author = {Villagrasa, Sergi and Fonseca, David and Dur{\'{a}}n, Jaume},
    pages = {171--177},
    url = {http://doi.acm.org/10.1145/2669711.2669896%5Cnfiles/12543/Villagrasa et al. - 2014 - Teaching Case Applying Gamification Techniques an.pdf},
    isbn = {978-1-4503-2896-8},
    doi = {10.1145/2669711.2669896},
    keywords = {3d design, 3d education, Virtual Reality, gamification, human interaction, learning management tools, web GL}
}

@inproceedings{Mansilla:2016:TAS:2964284.2986912,
    title = {{Technology {\&} Art in Stimulating Creative Placemaking in Public-Use Spaces}},
    year = {2016},
    booktitle = {Proceedings of the 2016 ACM on Multimedia Conference},
    author = {Mansilla, Wendy Ann and Perkis, Andrew},
    pages = {1473--1474},
    series = {MM '16},
    publisher = {ACM},
    url = {http://doi.acm.org/10.1145/2964284.2986912},
    address = {New York, NY, USA},
    isbn = {978-1-4503-3603-1},
    doi = {10.1145/2964284.2986912},
    keywords = {augmented reality, collaboration, creative placemaking, design, hackable citymaking, interaction design, pokemon go game, public space, technology and art, tutorial}
}

@inproceedings{Shirazi:2013:TLC:2676255.2676363,
    title = {{Technology-enhanced Learning in Construction Education Using Mobile Context-aware Augmented Reality Visual Simulation}},
    year = {2013},
    booktitle = {Proceedings of the 2013 Winter Simulation Conference: Simulation: Making Decisions in a Complex World},
    author = {Shirazi, Arezoo and Behzadan, Amir H},
    pages = {3074--3085},
    series = {WSC '13},
    publisher = {IEEE Press},
    url = {http://dl.acm.org/citation.cfm?id=2676255.2676363},
    address = {Piscataway, NJ, USA},
    isbn = {978-1-4799-2077-8}
}

@article{Garcia2014,
    title = {{The mobile RehApp‚Ñ¢: An AR-based mobile game for ankle sprain rehabilitation}},
    year = {2014},
    journal = {SeGAH 2014 - IEEE 3rd International Conference on Serious Games and Applications for Health, Books of Proceedings},
    author = {Garcia, Jaime Andres and Navarro, Karla Felix},
    isbn = {9781479948239},
    doi = {10.1109/SeGAH.2014.7067087},
    issn = {2330-5649},
    keywords = {Ankle sprain rehabilitation, Augmented reality, Exergames, Games for rehabilitation, Gamification, Lower limbs, Mobile augmented reality, Mobile games, Serious games for health}
}

@article{DelPino2012730,
    title = {{The rest of me}},
    year = {2012},
    journal = {Futures},
    author = {Pino, Jordi Serra Del and Gheorghiu, Radu and Roman, Alexandra},
    number = {8},
    pages = {730--734},
    volume = {44},
    doi = {10.1016/j.futures.2012.04.011},
    issn = {0016-3287},
    keywords = {Augmented reality, Clash of networks, Internet psychology, Virtual persons}
}

@inproceedings{6659153,
    title = {{TOTEM.Scout: A mobile tool for in-situ creation of location-based content}},
    year = {2013},
    booktitle = {2013 IEEE International Games Innovation Conference (IGIC)},
    author = {Jurgelionis, A and Wetzel, Richard and Blum, L and Oppermann, L},
    pages = {89--96},
    doi = {10.1109/IGIC.2013.6659153},
    issn = {2166-6741},
    keywords = {computer games, content management, educational comp}
}

@inproceedings{Tang:2012:TAR:2382336.2382339,
    title = {{TouchPaper: An Augmented Reality Application with Cloud-based Image Recognition Service}},
    year = {2012},
    booktitle = {Proceedings of the 4th International Conference on Internet Multimedia Computing and Service},
    author = {Tang, Feng and Tretter, Daniel R and Lin, Qian},
    pages = {7--10},
    series = {ICIMCS '12},
    publisher = {ACM},
    url = {http://doi.acm.org/10.1145/2382336.2382339},
    address = {New York, NY, USA},
    isbn = {978-1-4503-1600-2},
    doi = {10.1145/2382336.2382339},
    keywords = {augmented reality, digital photography, image analysis, multimedia}
}

@article{Korn2015a,
    title = {{Towards a Gamification of Industrial Production. A Comparative Study in Sheltered Work Environments}},
    year = {2015},
    journal = {Proceedings of the 7th ACM SIGCHI Symposium on Engineering Interactive Computing Systems - EICS'15},
    author = {Korn, Oliver and Funk, Markus and Schmidt, Albrecht},
    number = {June},
    pages = {84--93},
    url = {http://dl.acm.org/citation.cfm?id=2774834&dl=ACM&coll=DL&CFID=638306669&CFTOKEN=29852290},
    isbn = {9781450336468},
    doi = {10.1145/2774225.2774834},
    issn = {9781450336468},
    keywords = {Gamification, assistive technology, augmented reality, computer-assisted instruction, human machine interaction}
}

@article{Gea2016463,
    title = {{Transmedia storytelling for social integration of children with cognitive disabilities}},
    year = {2016},
    journal = {Smart Innovation, Systems and Technologies},
    author = {Gea, M and Alam{\'{a}}n, X and Rodriguez, P},
    pages = {463--471},
    volume = {59},
    url = {https://www.scopus.com/inward/record.uri?eid=2-s2.0-84979076027&doi=10.1007%2F978-3-319-39690-3_41&partnerID=40&md5=2553b0633f5f877928c807fda64bfeb4},
    doi = {10.1007/978-3-319-39690-3{\_}41}
}

@inproceedings{Setozaki2015486,
    title = {{User interface evaluation in spherical panorama VR learning material for peace education}},
    year = {2015},
    booktitle = {Proceedings of the 23rd International Conference on Computers in Education, ICCE 2015},
    author = {Setozaki, N and Yoshitomi, R and Iwasaki, T},
    pages = {486--488},
    url = {https://www.scopus.com/inward/record.uri?eid=2-s2.0-85030109584&partnerID=40&md5=98d6f0141739c8e4753bc2cb3b7f6474}
}

@inproceedings{Servan2012633,
    title = {{Using augmented reality in AIRBUS A400M shop floor assembly work instructions}},
    year = {2012},
    booktitle = {AIP Conference Proceedings},
    author = {Serv{\'{a}}n, J and Mas, F and Men{\'{e}}ndez, J L and R{\'{i}}os, J},
    pages = {633--640},
    volume = {1431},
    url = {https://www.scopus.com/inward/record.uri?eid=2-s2.0-84863316709&doi=10.1063%2F1.4707618&partnerID=40&md5=76b80d29fe1b1609149b377f78ec3a44},
    doi = {10.1063/1.4707618}
}

@inproceedings{7350726,
    title = {{Using Augmented Reality to Promote Homogeneity in Learning Achievement}},
    year = {2015},
    booktitle = {2015 IEEE International Symposium on Mixed and Augmented Reality - Media, Art, Social Science, Humanities and Design},
    author = {Zhang, J and Liu, T C and Sung, Y T and Chang, K E},
    pages = {1--5},
    doi = {10.1109/ISMAR-MASHD.2015.17},
    keywords = {augmented reality, authoring systems, computer aided}
}

@inproceedings{Mota201667,
    title = {{Visual environment for designing interactive learning scenarios with Augmented Reality}},
    year = {2016},
    booktitle = {Proceedings of the 12th International Conference on Mobile Learning 2016},
    author = {Mota, J M and Ruiz-Rube, I and Dodero, J M and Figueiredo, M},
    pages = {67--74},
    url = {https://www.scopus.com/inward/record.uri?eid=2-s2.0-84976444931&partnerID=40&md5=501be198f17408d60e3da0dfc0400088}
}

@article{Bozgeyikli2014,
    title = {{VR4VR: Towards vocational rehabilitation of individuals with disabilities in immersive virtual reality environments}},
    year = {2014},
    journal = {2014 2nd Workshop on Virtual and Augmented Assistive Technology (VAAT)},
    author = {Bozgeyikli, Lal and Bozgeyikli, Evren and Clevenger, Matthew and Gong, Shangdong and Raij, Andrew and Alqasemi, Redwan and Sundarrao, Stephen and Dubey, Rajiv},
    number = {9},
    pages = {29--34},
    url = {http://ieeexplore.ieee.org/document/6799466/},
    isbn = {978-1-4799-4070-7},
    doi = {10.1109/VAAT.2014.6799466},
    keywords = {3, 7, computer graphics, disabilities, gamification, i, index terms, interaction, navigation through virtual environments, rehabilitation, tangible, three-dimensional, virtual interaction, virtual reality simulation, vocational}
}

@article{BaroneRodrigues2017,
    title = {{WebAR: A web-augmented reality-based authoring tool with experience API support for educational applications}},
    year = {2017},
    journal = {Lecture Notes in Computer Science (including subseries Lecture Notes in Artificial Intelligence and Lecture Notes in Bioinformatics)},
    author = {Barone Rodrigues, Andr√© and Dias, Diego R Colombo and Martins, Val√©ria Farinazzo and Bressan, Paulo Alexandre and de Paiva Guimar{\~{a}}es, Marcelo},
    editor = {Antona, Margherita and Stephanidis, Constantine},
    pages = {118--128},
    series = {Lecture Notes in Computer Science},
    volume = {10278 LNCS},
    publisher = {Springer International Publishing},
    url = {https://www.scopus.com/inward/record.uri?eid=2-s2.0-85025114301&doi=10.1007%2F978-3-319-58703-5_9&partnerID=40&md5=414ba0c89f0829f0840cfa1edc8c1c98},
    address = {Cham},
    isbn = {978-3-319-58703-5},
    doi = {10.1007/978-3-319-58703-5{\_}9},
    issn = {16113349},
    keywords = {Augmented reality, E-learning, Learning objects}
}

@inproceedings{8001842,
    title = {{Zero-Programming Augmented Reality Authoring Tools for Educators: Status and Recommendations}},
    year = {2017},
    booktitle = {2017 IEEE 17th International Conference on Advanced Learning Technologies (ICALT)},
    author = {Vert, S and Andone, D},
    month = {7},
    pages = {496--498},
    doi = {10.1109/ICALT.2017.129},
    keywords = {augmented reality, computer aided instruction, educa}
}

@article{Daniel2015,
    title = {{Zombies on the Road : A Holistic Design Approach to Balancing Gamification and Safe Driving}},
    year = {2015},
    journal = {7th International Conference on Automotive User Interfaces and Interactive Vehicular Applications (AutomotiveUI)},
    author = {Daniel, M and Steinberger, Fabius and Schroeter, Ronald and Lindner, Verena and Fitz-walter, Zachary and Hall, Joshua and Johnson, Daniel},
    number = {September},
    pages = {1--3},
    url = {http://eprints.qut.edu.au/84799/},
    isbn = {9781450337366},
    doi = {10.1145/2799250.2799260},
    keywords = {augmented reality, design process, gamification, road safety, serious games}
}

@article{Wong2016ALifestyles,
    title = {{A better understanding of how gamification can help improve digital lifestyles}},
    year = {2016},
    journal = {Proceedings of the 2016 International Conference on Virtual Systems and Multimedia, VSMM 2016},
    author = {Wong, Chee Ken and Lee, Chien Sing},
    pages = {8--15},
    isbn = {9781467389938},
    doi = {10.1109/VSMM.2016.7863214},
    keywords = {digital creativity, digital lifestyles, gamification}
}

@article{Rodrigues2016AnCitizens,
    title = {{An Initial Framework for a Museum Application for Senior Citizens}},
    year = {2016},
    journal = {Proceedings of the 7th International Conference on Software Development and Technologies for Enhancing Accessibility and Fighting Info-exclusion - DSAI 2016},
    author = {Rodrigues, Jo√£o M.F. and Lessa, Joana and Greg{\'{o}}rio, Miguel and Ramos, C√©lia and Cardoso, Pedro J. S.},
    pages = {414--421},
    url = {http://dl.acm.org/citation.cfm?doid=3019943.3020002},
    isbn = {9781450347488},
    doi = {10.1145/3019943.3020002},
    keywords = {augmented reality, design, hci, interaction, mobile application, senior citizen, user interface}
}

@article{Colpani2016AnDisabilities,
    title = {{An innovative augmented reality educational framework with gamification to assist the learning process of children with intellectual disabilities}},
    year = {2016},
    journal = {IISA 2015 - 6th International Conference on Information, Intelligence, Systems and Applications},
    author = {Colpani, Rogerio and Homem, Murillo Rodrigo Petrucelli},
    isbn = {9781467393119},
    doi = {10.1109/IISA.2015.7387964},
    issn = {9781467393119},
    keywords = {Augmented Reality, Gamification, Intellectual Disability}
}

@article{Adrianto2017AugmentedResidence,
    title = {{Augmented reality using Vuforia for marketing residence}},
    year = {2017},
    journal = {2016 1st International Conference on Game, Game Art, and Gamification, ICGGAG 2016},
    author = {Adrianto, Dennise and Hidajat, Monica and Yesmaya, Violitta},
    isbn = {9781509054794},
    doi = {10.1109/ICGGAG.2016.8052642},
    keywords = {android, augmented reality, markerless, marketing residence, real environment, vuforia}
}

@article{Brown2016AugmentingStudents,
    title = {{Augmenting mathematical education for minority students}},
    year = {2016},
    journal = {Proceedings - IEEE 16th International Conference on Advanced Learning Technologies, ICALT 2016},
    author = {Brown, Te Airra M. and Smith, Tiffanie R. and Gabbard, Joseph L. and Gilbert, Juan E.},
    pages = {260--264},
    isbn = {9781467390415},
    doi = {10.1109/ICALT.2016.24},
    issn = {2161-3761},
    keywords = {Augmented reality, Culturally relevant, Engagement, Gamification}
}

@article{Tong2017ChasingGo,
    title = {{Chasing Lovely Monsters in the Wild, Exploring Players' Motivation and Play Patterns of Pok{\'{e}}mon Go}},
    year = {2017},
    journal = {Companion of the 2017 ACM Conference on Computer Supported Cooperative Work and Social Computing - CSCW '17 Companion},
    author = {Tong, Xin and Gupta, Ankit and Lo, Henry and Choo, Amber and Gromala, Diane and Shaw, Christopher D.},
    pages = {327--330},
    url = {http://dl.acm.org/citation.cfm?doid=3022198.3026331},
    isbn = {9781450346887},
    doi = {10.1145/3022198.3026331}
}

@inproceedings{Zhenming2017DevelopmentTechnology,
    title = {{Development of an English Words Learning System utilizes 3D Markers with Augmented Reality Technology}},
    year = {2017},
    booktitle = {2017 IEEE 6TH GLOBAL CONFERENCE ON CONSUMER ELECTRONICS (GCCE)},
    author = {Zhenming, Bi and Mayu, Urata and Mamoru, Endo and Tatami, Yasuda},
    number = {Gcce},
    pages = {1--2},
    isbn = {978-1-5090-4045-2},
    issn = {2378-8143},
    keywords = {affordance, augmented reality, edutainment, esl, gamification, hci}
}

@article{Denden2017EducationalPersonality,
    title = {{Educational Gamification Based on Personality}},
    year = {2017},
    journal = {2017 IEEE/ACS 14th International Conference on Computer Systems and Applications (AICCSA)},
    author = {Denden, Mouna and Tlili, Ahmed and Essalmi, Fathi and Jemni, Mohamed},
    pages = {1399--1405},
    url = {http://ieeexplore.ieee.org/document/8308453/},
    isbn = {978-1-5386-3581-0},
    doi = {10.1109/AICCSA.2017.87},
    keywords = {education, gamification, personality}
}

@article{Meegahapola2017EnhancedApplication,
    title = {{Enhanced in-Store Shopping Experience through Smart Phone based Mixed Reality Application}},
    year = {2017},
    author = {Meegahapola, Lakmal and Perera, Indika},
    pages = {278--285},
    isbn = {9781538624449},
    keywords = {1, ar used in commerce, fig, for retailers to, from vr headset, gamification, has made it possible, mixed reality, multimodal interaction, shopping experience, smart phone, virtual shopping as seen}
}

@article{Chauhan2016EnhancingGamification,
    title = {{Enhancing MOOC with Augmented Reality, Adaptive Learning and Gamification}},
    year = {2016},
    journal = {Proceedings of the 2015 IEEE 3rd International Conference on MOOCs, Innovation and Technology in Education, MITE 2015},
    author = {Chauhan, Jyoti and Taneja, Shilpi and Goel, Anita},
    pages = {348--353},
    isbn = {9781467367462},
    doi = {10.1109/MITE.2015.7375343},
    issn = {9781467367462},
    keywords = {Adaptive Learning, Augmented Reality, Gamification, Learning Technique, MOOC}
}

@article{Shirai2015GamificationIngress,
    title = {{Gamification and construction of virtual field museum by using augmented reality game "Ingress"}},
    year = {2015},
    journal = {Proceedings of the 2015 Virtual Reality International Conference on ZZZ - VRIC '15},
    author = {Shirai, Akihiko and Kose, Yuki and Minobe, Kumiko and Kimura, Tomoyuki},
    number = {Cc},
    pages = {1--4},
    url = {http://dl.acm.org/citation.cfm?doid=2806173.2806182},
    isbn = {9781450333139},
    doi = {10.1145/2806173.2806182},
    keywords = {alternate reality, augmented reality, field museum, gamification, ingress, regional promotion, smartphone, virtual museum}
}

@article{Ribeiro2017GamificationAnesthesia,
    title = {{Gamification as a Learning Strategy in a Simulation of Dental Anesthesia}},
    year = {2017},
    journal = {2017 19th Symposium on Virtual and Augmented Reality (SVR)},
    author = {Ribeiro, Matheus A. O. and Correa, Cleber G. and Nunes, Fatima L. S.},
    pages = {271--278},
    url = {http://ieeexplore.ieee.org/document/8114448/},
    isbn = {978-1-5386-3588-9},
    doi = {10.1109/SVR.2017.42},
    keywords = {- serious games, anesthesia application, dentis-, gamification, medical procedure training, virtual reality}
}

@article{Tsatsis2017LateropulsionPatients,
    title = {{Lateropulsion rehabilitation using Virtual Reality for stroke patients}},
    year = {2017},
    journal = {2017 IEEE Long Island Systems, Applications and Technology Conference (LISAT)},
    author = {Tsatsis, C G and Rice, K E and Protopopova, V and Ramos, D and Jadav, J and Coppola, J F and Broderick, M and Putrino, D},
    pages = {1--6},
    isbn = {VO -},
    doi = {10.1109/LISAT.2017.8001960},
    keywords = {3-dimensional environments, Androids, Data analytics, Games, Hospitals, Humanoid robots, Mobile Applications, Muscles, Testing, Unity, Virtual reality, augmented reality, diseases, gamification, gamification rehabilitation, lateropulsion, lateropulsion rehabilitation, lateropulsion stroke patients, lateropulsion symptoms, medical computing, mobile application, mobile computing, mobile device, patient recovery, patient rehabilitation, physical therapists, post-stroke, real-time movements, real-time systems, recovery, therapy, virtual reality}
}

@article{Pantile2017NewProjections,
    title = {{New Technologies and Tools for Immersive and Engaging Visitor Experiences in Museums: The Evolution of the Visit-Actor in Next-Generation Storytelling, through Augmented and Virtual Reality, and Immersive 3D Projections}},
    year = {2017},
    journal = {Proceedings - 12th International Conference on Signal Image Technology and Internet-Based Systems, SITIS 2016},
    author = {Pantile, Davide and Frasca, Roberto and Mazzeo, Antonio and Ventrella, Matteo and Verreschi, Giovanni},
    pages = {463--467},
    isbn = {9781509056989},
    doi = {10.1109/SITIS.2016.78},
    keywords = {augmented reality, cultural heritage, edutainment, gamification, interactive museum exhibit, mixed reality, storytelling, virtual reality, visitor engagement}
}

@article{Lima2017PlayingDengue,
    title = {{Playing against dengue design and development of a serious game to help tackling dengue}},
    year = {2017},
    journal = {2017 IEEE 5th International Conference on Serious Games and Applications for Health, SeGAH 2017},
    author = {Lima, Tiago and Barbosa, Breno and Niquini, Carlos and Araujo, Camila and Lana, Raquel},
    isbn = {9781509054824},
    doi = {10.1109/SeGAH.2017.7939294},
    keywords = {Aedes aegypti, Serious game, dengue, public health}
}

@article{Thompson2017ProposingSharing,
    title = {{Proposing augmentation of live sporting events with gamification and social sharing}},
    year = {2017},
    journal = {Proceedings of the 29th Australian Conference on Computer-Human Interaction  - OZCHI '17},
    author = {Thompson, Alexandra and Potter, Leigh Ellen},
    pages = {617--621},
    url = {http://dl.acm.org/citation.cfm?doid=3152771.3156174},
    isbn = {9781450353793},
    doi = {10.1145/3152771.3156174},
    keywords = {2017, acm reference format, alexandra thompson and leigh, augmented reality, ellen potter, gamification, live sports, mobile applications, mobile augmented reality, proposing augmentation of live, social sharing, sporting events with}
}

@article{Korn2017StrategiesRehabilitation,
    title = {{Strategies for Playful Design when Gamifying Rehabilitation}},
    year = {2017},
    journal = {Proceedings of the 10th International Conference on PErvasive Technologies Related to Assistive Environments  - PETRA '17},
    author = {Korn, Oliver and Tietz, Stefan},
    number = {June},
    pages = {209--214},
    url = {http://dl.acm.org/citation.cfm?doid=3056540.3056550},
    isbn = {9781450352277},
    doi = {10.1145/3056540.3056550},
    keywords = {Exergame, Gamification, Playful Design, Rehabilitation}
}

@article{Batista2016SurfaceRehabilitation,
    title = {{Surface Electromyography for Game-Based Hand Motor Rehabilitation}},
    year = {2016},
    journal = {2016 XVIII Symposium on Virtual and Augmented Reality (SVR)},
    author = {Batista, Thiago V.V. and Machado, Liliane S. and Valenca, Ana Maria G.},
    pages = {140--144},
    url = {http://ieeexplore.ieee.org/document/7517266/},
    isbn = {978-1-5090-4149-7},
    doi = {10.1109/SVR.2016.32},
    keywords = {-natural interaction, gamification, least likely it is, motor rehabilitation, rious games, se-, the patient will give, up on the treatment}
}